3494 5142
824 140 948 196 -21-

107 323 160 374 nbi
178 314 274 376 tamen
291 314 394 376 Peraea
411 323 515 375 6011166
542 317 624 374 sensu
652 320 798 376 latissimo
815 338 857 375 su·

110 393 246 447 mendum
264 405 314 446 est.

164 473 189 525 6.
209 473 296 525 Dium
313 491 371 524 non
388 473 470 538 longe
489 490 505 525 a
524 471 635 524 Gerasa.

165 545 190 596 t.
210 543 312 596 Gerasa
351 565 371 571 ‘·
406 543 522 605 Geraab,
540 543 679 612 appellata
705 544 858 611 aliquando

109 615 262 668 Antiochia
280 615 315 667 ad
334 615 561 681 Chrysorrhoam.

165 687 189 739 8.
209 687 412 755 Philadelphia,
423 686 491 738 olim
501 685 631 752 Rabbath
640 686 773 749 Ammon,¹
782 707 858 740 nunc

108 759 236 810 Ammon
242 757 389 827 appellata,
399 757 614 810 etaPtolemaeo
626 758 857 826 IIPhiladelphio

109 847 162 882 suo
180 831 295 883 nomine
312 841 480 896 nuncupata.

164 908 190 961 9.
209 907 343 975 Raphana
370 910 416 962 vel
443 909 563 977 Raphon
592 910 616 978 (l
637 909 683 961 Mc
709 909 734 971 5,
753 911 797 977 31)
822 930 858 960 z:

108 979 237 1050 111-11616.

148 1050 342 1113 1661661116,
370 1051 405 1103 de
432 1070 487 1118 qua
515 1051 631 1104 fortasse
658 1063 687 1104 et
717 1051 857 1118 Scriptura

108 1122 237 1188 loquitur
256 1122 321 1191 (Nm
341 1123 384 1184 32,
402 1123 435 1175 42
455 1125 528 1191 etc.)

147 1201 232 1254 Hisce
250 1202 376 1263 urbibus,
395 1221 463 1269 quas
482 1203 591 1254 Plinius
611 1203 694 1270 (Har.
713 1204 749 1256 Ν.
767 1203 801 1264 V,
816 1199 878 1262 18,

110 1273 156 1340 74)
183 1273 318 1340 Decapoli
344 1271 517 1335 adnumerat,
541 1273 717 1326 Ptolemaeus
746 1274 857 1343 (Geogr.

108 1344 145 1405 V,
175 1345 218 1412 14)
246 1363 347 1397 novem
375 1345 443 1398 alias
468 1346 555 1406 addit,
580 1345 746 1413 Heliopolis,
774 1345 857 1397 Abila

110 1417 276 1481 cognomine
297 1416 441 1482 Lysaniae,
463 1416 569 1471 Conna,
584 1417 618 1485 (?)
638 1418 714 1469 Ina...
729 1417 857 1477 Samulis,

111 1487 204 1538 Abida
224 1487 338 1556 (Abila),
368 1488 520 1555 Capitolias
551 1489 597 1556 (=
615 1489 669 1540 Bet
688 1489 764 1556 Ros),
782 1487 858 1540 Adra

111 1559 159 1624 l:
176 1557 272 1627 Edret)
298 1571 327 1611 et
345 1559 456 1612 Gadora
485 1561 531 1628 (=
549 1558 719 1629 es·Salt(?))
739 1578 856 1624 quarum

911 335 1005 374 tamen
1022 321 1175 374 nonnullae
1202 323 1290 374 veluti
1321 323 1487 390 Heliopolis,
1504 315 1588 376 Abila
1609 323 1657 389 Ly·

912 395 1014 455 sanias,
1033 393 1129 446 Conna
1149 405 1178 446 et
1194 393 1311 446 fortasse
1329 394 1380 446 Ina
1407 395 1443 448 ad
1471 395 1657 462 Coelesyriam
1744 413 1745 418 ¹

911 477 986 518 certe
1004 465 1202 518 adscribendae
1230 477 1302 517 sunt.
1332 466 1502 519 Damascene
1530 478 1657 519 autema

911 536 1021 603 reliquo
1038 538 1179 588 territorio
1197 536 1370 604 Decapoleos
1388 539 1551 604 interposita
1563 549 1657 590 tetrar-

912 607 975 659 chia
993 608 1118 674 Philippi
1134 608 1328 670 dividebatur;
1346 611 1504 676 pariterque
1524 609 1656 675 Raphana

912 697 961 745 per
979 679 1094 731 modum
1116 679 1244 732 coloniae
1263 681 1293 730 in
1312 680 1450 733 Batanaea
1469 693 1535 732 erat.
1659 676 1663 683 ’

947 775 1037 827 Instar
1055 776 1138 827 urbes
1154 776 1327 842 Decapoleos
1345 794 1402 828 non
1415 795 1519 846 paucae
1532 779 1657 829 civitates

911 847 1102 899 hellenisticae
1112 849 1142 898 in
1152 848 1307 899 Palaestina
1318 847 1382 909 huc,
1395 848 1463 900 illuc
1473 848 1656 900 habebantur.

911 917 992 970 Tales
1010 930 1089 970 erant
1107 918 1190 970 urbes
1209 936 1280 984 quae
1302 920 1332 971 in
1354 919 1510 972 dominium
1535 918 1656 971 Salomes

910 1001 1045 1041 venerant
1062 1001 1090 1042 et
1108 989 1173 1041 illae
1185 1007 1257 1055 quae
1270 991 1300 1040 in
1313 1008 1360 1041 ora
1373 992 1524 1042 marittima
1537 991 1656 1057 praesidi

910 1060 1004 1126 Syriae
1014 1061 1118 1113 directe
1129 1061 1346 1122 subiciebantur,
1355 1062 1442 1114 veluti
1448 1061 1565 1129 Raphia,
1575 1061 1657 1120 Gaza,
1744 1065 1745 1070 ’

911 1132 1071 1193 Anthedon,
1089 1132 1219 1193 Ascalon,
1237 1132 1312 1184 Dora
1331 1144 1383 1184 ete.
1408 1145 1410 1149 ’

947 1203 1073 1255 Finitimi
1092 1207 1197 1256 ¹autem
1229 1203 1401 1256 Palaestinae
1431 1203 1529 1271 populi
1561 1216 1656 1257 contra

910 1275 1057 1326 meridiem
1075 1286 1104 1326 61
1128 1286 1224 1327 contra
1252 1275 1415 1328 orientalem
1442 1275 1550 1342 plagam
1575 1287 1656 1327 erant

911 1346 1055 1406 Nabataei,
1083 1364 1203 1412 quorum
1238 1365 1354 1413 regnum
1389 1347 1466 1399 iuxta
1506 1347 1655 1414 losephum

912 1417 989 1486 (Ant.
1007 1418 1030 1470 Ι.
1050 1417 1075 1478 Ι,’
1094 1419 1135 1479 12,
1154 1420 1181 1485 4)
1202 1418 1238 1468 611
1258 1417 1399 1484 Euphrate
1417 1436 1506 1484 usque
1528 1418 1563 1470 ad
1581 1437 1657 1470 mare

911 1487 1038 1540 Rubrum
1057 1488 1275 1550 extendebatur;
1294 1489 1454 1555 aquilonem
1472 1507 1567 1542 versus
1592 1507 1658 1542 vero

910 1559 1064 1612 Phoenices
1083 1560 1237 1625 dequibus
1257 1561 1311 1610 iarn
1330 1559 1384 1612 fuit
1404 1579 1501 1612 sermo.

625 1949 629 1956 ι
799 1881 971 1934 61111111.

706 2012 1059 2084 IERUSALEM

167 2351 192 2386 1.-
201 2335 284 2388 SITUS.
298 2370 326 2378 -
339 2349 359 2386 2.
375 2347 477 2396 AQUAE.
493 2369 519 2377 -
535 2350 554 2384 3.
571 2347 652 2386 MURI.
668 2369 694 2376 -—
710 2350 729 2383 4.
746 2345 857 2385 PORTAE
872 2346 907 2384 ET
920 2346 1035 2384 TURRES.
1051 2368 1076 2375 -
1092 2348 1110 2382 5.
1126 2345 1275 2390 AEDII'ICIA,
1290 2347 1375 2387 INTER
1389 2347 1464 2396 QUAE
1478 2347 1658 2388 PRAECIPUUM

111 2418 209 2458 LOCUM
223 2418 344 2457 OBTINET
357 2418 500 2456 TEMPLUM.

148 2581 172 2630 1.
191 2579 352 2639 Ierusalem,
370 2577 717 2644 aliquandolerosolymae
730 2577 813 2646 (1Μο
834 2579 857 2639 l,

113 2652 147 2702 14
163 2653 225 2719 etc.)
239 2661 267 2702 et
278 2652 309 2701 in
320 2650 461 2716 plerisque
470 2649 615 2701 codicibus
625 2649 800 2702 Hierusalem
813 2650 857 2701 vel

111 2721 306 2786 Hierosolyma
319 2722 402 2782 dieta,
414 2733 456 2773 est
469 2721 518 2772 illa
532 2730 548 2752 ‘⁴
561 2721 666 2772 famosa
678 2721 745 2772 urbs
764 2729 779 2751 ³⁸
800 2721 858 2789 (Ta-

111 2794 193 2854 citus,
206 2793 277 2846 Har.
297 2793 322 2854 5,
341 2793 367 2860 2)
388 2801 404 2824 “
422 2792 504 2860 longe
522 2793 674 2844 clarissima
692 2792 804 2843 urbium
824 2793 858 2844 0-

111 2866 209 2916 rientis
226 2883 284 2916 non
302 2864 422 2916 Iudaeae
440 2864 525 2916 modo
544 2872 560 2894 ⁸⁴
582 2863 709 2933 (Plinius,
731 2863 802 2916 Hist.
822 2864 857 2916 N.

111 2937 144 2997 V,
162 2938 204 2996 14,
223 2937 267 3004 70)
288 2954 372 3003 quam
391 2935 521 2996 Hebraei,
540 2935 700 2996 Christiani,
718 2935 858 2987 Islamitae

111 3019 234 3059 sanctam
252 3018 353 3060 vocant
371 3018 399 3059 et
418 3025 489 3073 quae
507 3008 538 3058 in
556 3006 635 3058 libris
654 3007 737 3058 sacris
755 3007 858 3072 passim

112 3078 269 3145 appellatur
295 3079 427 3130 “civitas
455 3078 509 3129 Dei
519 3086 534 3108 ⁴⁴
555 3079 601 3146 (Ps
629 3078 671 3138 86,
692 3079 729 3145 3),
757 3077 858 3129 “urbs

112 3157 242 3212 6111161611,ὸὸ
262 3149 318 3218 (Dn
337 3151 363 3211 9,
381 3150 436 3218 24),
454 3158 471 3181 “
490 3149 581 3201 Salem
595 3157 611 3180 ³³
631 3149 677 3217 (Ps
701 3148 799 3217 (hebr.)
815 3149 858 3210 76,

113 3223 149 3289 3),
168 3229 184 3253 “
203 3221 271 3272 Sion
291 3229 306 3252 '⁸
326 3221 380 3288 (Ps.
400 3221 442 3281 50,
461 3222 524 3288 20),
542 3220 716 3287 temporibus
728 3238 794 3272 vero
805 3221 858 3272 Ha-

112 3294 203 3345 driani
222 3292 337 3344 “Aelia
356 3300 371 3322 ⁸⁸
390 3292 435 3344 vel
463 3291 611 3344 “Colonia
643 3292 722 3343 Aelia
750 3292 858 3358 Capito·

111 3364 169 3415 lina
189 3372 213 3415 ²⁸.
239 3363 304 3415 Fuit
327 3364 455 3429 primitus
473 3363 540 3415 urbs
566 3363 611 3415 vel
638 3381 687 3414 arx
714 3361 859 3414 Iebusaeo·

112 3453 174 3486 rum
192 3435 313 3501 ideoque
325 3436 410 3486 etiam
422 3434 506 3486 Iebus
520 3435 545 3502 (J
548 3434 565 3485 d
589 3436 631 3494 19,
645 3435 676 3485 ll
692 3436 755 3502 etc.)
776 3435 858 3494 dicta,

112 3507 214 3558 deinde
251 3506 317 3576 61116
353 3507 427 3572 regia
462 3505 553 3558 David
580 3523 731 3571 regumque
763 3505 858 3565 Iudae,

112 3589 239 3630 centrum
248 3578 395 3645 politicum
408 3588 436 3628 et
447 3579 609 3643 praesertim
621 3577 781 3642 religiosum
800 3594 857 3627 non

111 3649 196 3701 modo
215 3649 407 3710 Hebraeorum
426 3648 857 3716 Palaestinensium,'sedeorum

112 3722 195 3772 etiam
214 3723 312 3786 quiin
329 3721 460 3772 universo
478 3720 546 3772 orbe
564 3731 643 3772 erant
661 3720 786 3786 dispersi.

148 3792 204 3844 Sita
222 3794 253 3844 in
274 3792 367 3843 medio
396 3803 494 3852 161166,
520 3793 552 3843 in
579 3793 683 3843 vertice
710 3793 857 3852 montium,

112 3865 161 3928 qui
180 3864 246 3915 hinc
264 3863 330 3914 inde
350 3863 523 3914 descendunt
539 3862 584 3914 vel
602 3863 638 3914 ad
666 3880 741 3914 mare
759 3863 804 3914 vel
822 3863 858 3914 ad

112 3935 214 4009 vallem
232 3933 367 3995 Iordanis,
387 3946 504 4001 occupat
523 3937 606 3986 situm
632 3933 712 3985 valde
730 3935 857 4001 inaequa-

112 4007 177 4066 lem,
194 4006 403 4072 septentrionali
423 4005 509 4057 latere
528 4015 591 4057 curn
613 4007 725 4070 regione
754 4018 858 4057 conter-

113 4079 188 4128 mina
207 4076 400 4128 cohaerentem
419 4088 448 4128 et
468 4077 558 4128 tribus
582 4076 697 4142 reliquis
725 4076 858 4128 lateribus

113 4165 161 4214 per
179 4148 332 4214 profundas
349 4147 436 4200 valles
454 4167 470 4199 a
489 4148 751 4200 circumiacentibus
773 4150 858 4214 regio-

112 4220 195 4272 nibus
214 4221 385 4272 distinctum.
407 4219 495 4271 Vallis
514 4219 665 4280 orientalis,
683 4237 755 4286 quac
774 4222 858 4272 situm

113 4290 265 4346 Ierusalem
282 4301 408 4342 amante
427 4291 572 4343 Olivarum
590 4303 619 4343 et
636 4309 653 4342 a
672 4301 766 4342 monte
779 4291 858 4343 Scan·

113 4362 169 4413 11611
188 4373 305 4430 separat,
323 4373 438 4414 vocatur
466 4363 581 4414 diversis
597 4364 748 4414 momentis
767 4381 801 4415 w.
819 4362 857 4413 el-

114 4433 233 4494 610611.
251 4435 312 4485 siat
323 4432 465 4498 Maryam,
484 4445 512 4484 et
524 4452 556 4486 w.
570 4433 708 4495 err-Nahr,
727 4433 772 4485 vel
787 4453 859 4486 com·

112 4507 234 4556 munitor
252 4504 333 4556 vallis
352 4503 463 4556 Cedron
475 4523 509 4556 ex
521 4516 644 4556 torrente
657 4506 707 4571 qui
722 4506 782 4556 eius
798 4523 858 4571 pro·

114 4576 232 4628 fundum
245 4587 370 4641 occupat,
382 4575 424 4626 vel
435 4578 519 4627 etiam
532 4575 612 4627 vallis
626 4576 764 4642 Iosaphat.
771 4576 858 4628 Vallis

113 4658 242 4698 econtra
261 4665 332 4712 quae
351 4646 449 4698 urbem
468 4649 554 4712 cingit
572 4647 607 4698 ab
626 4665 726 4698 occasu
745 4647 811 4699 solis
831 4659 860 4699 et

114 4718 229 4769 meridie
248 4728 365 4783 atquae
384 4736 444 4769 eam
464 4719 598 4782 disiungit
624 4737 639 4770 a
668 4730 762 4769 monte
791 4718 858 4770 Mali

912 2577 1038 2638 Consilii,
1057 2596 1090 2630 w.
1109 2578 1208 2629 el·Mes
1227 2580 1257 2630 16
1272 2590 1350 2645 parte
1376 2581 1526 2645 superiore,
1545 2582 1575 2632 in
1591 2581 1658 2632 infe·

911 2651 984 2701 riore
1003 2659 1089 2715 parte,
1108 2661 1258 2715 antequam
1276 2668 1378 2717 nempe
1393 2669 1461 2712 ,cum
1480 2670 1513 2702 w.
1526 2651 1658 2704 en·Nohr

912 2723 1131 2782 commisceatur,
1150 2740 1182 2773 w.
1201 2721 1355 2773 er·Rababi
1376 2740 1479 2774 nomen
1509 2725 1611 2790 accipit
1630 2736 1658 2774 et

911 2792 961 2843 illa
984 2803 1026 2844 est
1044 2810 1115 2858 quae
1134 2795 1288 2859 antiquitus
1307 2793 1395 2844 Vallis
1421 2794 1530 2845 Ennom
1551 2794 1591 2863 (Js
1616 2795 1657 2854 18,
1744 2819 1745 2826 ¹

913 2864 966 2931 16),
985 2864 1061 2915 unde
1080 2863 1214 2915 Gehenna
1223 2863 1335 2916 ‘nomen
1348 2876 1440 2916 ortum
1454 2877 1504 2925 est,
1515 2865 1561 2916 vel
1574 2867 1657 2917 etiam
1744 2865 1745 2868 ’

911 2934 1045 2987 convallis
1058 2933 1109 2986 filii
1122 2935 1230 2986 Ennom
1245 2938 1271 3002 (4
1284 2935 1326 3001 Rg
1338 2937 1430 3002 23,10)
1441 2936 1485 2988 vel
1495 2936 1657 2989 Benennom

913 3007 938 3074 (2
950 3007 1003 3057 Par
1014 3008 1056 3066 28,
1069 3007 1095 3073 3)
1107 3007 1217 3058 dicitur.
1230 3007 1322 3058 Tertia
1329 3006 1418 3067 vallis,
1428 3026 1512 3073 quani
1523 3007 1657 3074 Iosephus

913 3077 994 3145 (Bell.
1013 3078 1036 3129 I.
1058 3077 1091 3138 V,
1111 3078 1357 3144 4,1)Τ1101166011
1383 3080 1440 3130 sive
1464 3080 1657 3139 caseariorum,
1744 3135 1745 3138 Ἴ

911 3160 992 3200 vocat
1001 3167 1075 3200 nunc
1089 3150 1220 3214 equidem
1234 3168 1332 3214 parum
1345 3151 1499 3216 perspicua,
1511 3150 1579 3202 alias
1592 3153 1657 3202 satis

911 3220 1058 3286 profunda,
1077 3220 1177 3272 dividit
1190 3222 1283 3281 situm,
1296 3239 1379 3286 super
1391 3239 1475 3287 quem
1487 3221 1554 3275 urbs
1566 3221 1657 3272 aedifi-

912 3303 972 3343 cata
983 3303 1033 3351 est,
1040 3293 1070 3342 in
1080 3292 1150 3342 duos
1161 3292 1246 3343 colles
1255 3293 1428 3358 praecipuos,
1450 3311 1570 3358 quorum
1589 3295 1658 3344 ocei-
1744 3337 1745 3340 ,

912 3363 1030 3414 (16616116
1049 3364 1216 3414 eminentior
1234 3375 1276 3414 est
1288 3374 1315 3414 et
1324 3362 1415 3414 latior.
1428 3363 1551 3428 Uterque
1565 3375 1657 3415 autem,

912 3434 1031 3485 vallibus
1055 3434 1231 3486 tenuioribus
1250 3446 1278 3486 et
1295 3437 1457 3486 transversis
1485 3435 1657 3494 dividuntur,

912 3507 950 3556 ita
969 3516 1001 3556 ut
1018 3507 1118 3556 merito
1137 3506 1194 3557 dici
1212 3507 1299 3571 possit
1317 3505 1415 3557 urbem
1433 3524 1515 3572 super
1526 3518 1657 3572 quattuor

912 3576 998 3628 eolles
1016 3576 1189 3628 aedificatam
1207 3595 1274 3628 esse.
1294 3577 1453 3642 Eorumque
1473 3580 1587 3629 nomina
1611 3578 1658 3628 ho·

912 3649 1009 3699 1116166
1028 3660 1092 3699 6661
1110 3667 1189 3699 16066
1208 3648 1275 3699 Sion
1302 3660 1330 3698 et
1358 3647 1496 3714 Golgotha
1522 3651 1553 3699 in
1581 3661 1657 3715 parte

912 3719 1087 3780 occidentali,
1101 3719 1190 3770 Maria
1201 3731 1228 3770 et
1244 3719 1364 3770 Bezetha
1383 3722 1414 3770 in
1427 3731 1504 3786 parte
1520 3721 1657 3780 orientali,

912 3793 1007 3857 eisque
1027 3790 1084 3842 fere
1104 3790 1273 3856 respondent
1290 3802 1422 3856 quattuor
1440 3793 1565 3856 regiones
1582 3791 1657 3842 urbis

912 3881 946 3913 ex
964 3873 1096 3928 quattuor
1114 3863 1251 3927 gentibus,
1269 3880 1340 3927 quae
1359 3880 1405 3913 eas
1423 3880 1498 3913 nunc
1523 3862 1657 3914 habitant.

912 3952 1015 3985 nomen
1033 3935 1209 3999 accipientes,
1227 3951 1327 3998 nempe
1346 3935 1375 3984 in
1394 3945 1471 3999 parte
1491 3934 1655 3985 occidentali

912 4005 1108 4056 Armeniorum
1136 4016 1163 4056 et
1191 4003 1421 4065 Christianorum,
1440 4005 1470 4054 in
1492 4015 1569 4070 parte
1590 4023 1655 4056 vero

913 4076 1041 4127 orientali
1067 4076 1234 4127 Iudaeorum
1253 4087 1281 4126 et
1303 4075 1458 4127 Mahumeti
1481 4087 1655 4127 sectatorum.

948 4147 1024 4198 Inter
1043 4147 1113 4198 duos
1142 4147 1227 4198 colles
1255 4147 1466 4212 principaliores
1493 4165 1559 4199 vero
1587 4166 1656 4213 pons

913 4230 979 4280 erat,
998 4237 1054 4285 quo
1074 4218 1183 4270 facilius
1203 4217 1238 4269 de
1257 4236 1314 4268 uno
1332 4220 1362 4268 in
1383 4218 1502 4269 alterum
1526 4221 1656 4270 transitus

912 4290 1088 4350 reddebatur,
1108 4291 1223 4354 eiusque
1243 4290 1357 4354 vestigia
1381 4289 1472 4341 adhue
1497 4301 1605 4342 exstant
1629 4292 1657 4340 in

911 4379 978 4412 arcu
997 4361 1142 4413 Robinson
1161 4361 1246 4411 dicto.

950 4435 974 4484 2.
985 4433 1043 4484 Etsi
1053 4432 1150 4484 Strabo
1158 4431 1242 4499 (XVI,
1253 4433 1278 4492 2,
1285 4431 1327 4492 36,
1337 4432 1382 4499 40)
1396 4430 1547 4484 Ierusalem
1561 4434 1658 4484 “intus

912 4506 992 4571 aquis
1014 4504 1202 4555 abundantem
1231 4505 1352 4554 exterius
1378 4505 1493 4554 omnino
1521 4505 1622 4554 siccam
1643 4513 1658 4533 t

913 4576 995 4636 dicat,
1023 4574 1147 4626 fontibus
1177 4576 1288 4639 penitus
1315 4585 1398 4634 caret,
1425 4573 1543 4640 fonsque
1571 4592 1657 4640 aquae

913 4646 1007 4699 subter
1019 4646 1105 4697 limen
1118 4645 1216 4710 templi
1231 4645 1266 4696 ad
1285 4647 1421 4696 orientem
1433 4645 1608 4710 egredientis,
1624 4645 1658 4697 de

913 4736 969 4782 quo
983 4717 1108 4782 loquitur
1120 4715 1245 4767 Ezechiel
1268 4715 1412 4781 (tal-12),
1431 4728 1472 4768 est
1489 4717 1581 4782 imago
1599 4735 1659 4782 pro·
