3494 5142
827 97 947 147 -26-

115 275 265 329 dammodo
285 277 462 330 dividebatur
480 279 525 329 via
543 277 668 342 Egnatia,
677 294 748 342 quae
767 295 783 326 a
802 275 860 327 lini·
885 277 887 302 ¹

114 348 168 399 bus
183 348 317 401 Thraciae
337 367 426 415 usque
445 348 481 400 ad
499 347 705 414 Dyrrhachium
723 345 860 398 currebat.

114 419 205 472 Urbes
221 420 411 482 Macedoniae,
420 438 493 486 quae
503 420 583 472 libris
594 421 677 471 sacris
690 418 860 478 recoluntur,

100 503 197 543 sunt:

106 568 109 574 ’
150 569 356 632 Thessalonica,
375 571 537 637 metropolis
563 572 649 621 totius
677 568 859 620 Macedoniae

114 641 150 693 ad
172 643 265 693 sinum
283 641 471 694 Thermicum.

150 712 467 778 NeapoliszKovollo
490 731 548 779 quo
566 713 592 764 S.
620 711 724 764 Paulus
751 711 860 780 appulit

116 784 167 851 (Ac
188 783 230 844 16,
250 785 301 845 11;
321 785 364 846 20,
383 784 420 852 6).
884 843 885 857 1

150 855 283 922 Philippi,
303 855 352 906 ubi
370 855 405 907 ab
428 855 554 921 Augusto
583 857 732 907 constituta
757 866 799 906 est
816 873 860 905 co·
883 862 885 893 ¹

114 926 190 978 lonia
209 937 412 987 veteranorum,
431 940 460 978 et
482 947 497 978 a
526 927 592 978 divo
613 926 701 978 Paulo
729 928 858 993 primitus

114 999 144 1048 in
163 997 273 1064 Europa
292 998 482 1063 praedicatum
501 1009 543 1049 est
561 998 735 1063 evangeIIum
750 998 801 1064 (Ac
816 996 857 1056 16,

149 1070 336 1208 Aniphipolis‚
359 1141 395 1192 ad
423 1140 517 1193 lauces
545 1141 698 1206 Strymonis
725 1139 857 1198 fluminis,

113 1213 191 1263 etin
208 1214 252 1262 via
272 1211 386 1277 Egnatia
417 1212 467 1280 (Ac
498 1213 539 1272 17,
569 1213 604 1278 l).
631 1211 782 1278 Apollonia
806 1210 857 1276 (Ac

115 1283 157 1343 17,
178 1284 191 1333 1
211 1285 281 1349 sqq.)
301 1283 337 1335 ad
355 1283 447 1334 lacum
461 1283 549 1334 Bolbe
562 1283 598 1336 ab
612 1282 777 1349 Amphipoli
797 1289 812 1312 ‘⁶
826 1300 856 1333 u·

113 1355 177 1405 nius
196 1354 253 1406 diei
271 1355 371 1406 itinere
390 1363 406 1384 '³
433 1355 546 1422 (Livius,
573 1355 655 1415 XLV,
674 1355 719 1420 28)
743 1353 857 1414 distans,

113 1425 158 1477 vel
176 1426 253 1477 iuxta
272 1426 408 1477 Antonini
418 1427 600 1478 itinerariism
615 1426 669 1494 (ed.
683 1428 739 1486 cit,
751 1444 778 1491 p.
794 1425 855 1491 520)

113 1496 192 1548 ΧΧΧ
210 1515 247 1549 m.
266 1515 293 1564 p.

149 1568 254 1620 Beroea
278 1568 329 1636 (Ac
359 1569 400 1628 17,
430 1568 520 1636 10-15)
540 1591 575 1616 :
597 1567 704 1628 Verria,
731 1569 857 1634 apposita

113 1637 148 1690 ad
167 1651 291 1691 montem
311 1640 454 1691 Bermium
472 1652 501 1691 et
519 1640 555 1690 LI
574 1658 610 1690 m.
630 1660 656 1706 p.
678 1659 694 1691 a
713 1639 856 1690 Thessalo·

112 1711 175 1762 nica
194 1711 307 1762 distans.

167 1788 198 1858 b)
216 1789 331 1850 Achaia,
352 1808 407 1856 qua
434 1789 722 1856 comprehendebatur
749 1790 857 1855 reliqua

112 1877 176 1925 pars
195 1859 336 1921 Graeciae,
355 1863 430 1926 regio
440 1879 550 1927 nempe,
568 1880 639 1931 quae
656 1862 815 1912 extenditur
827 1863 857 1911 in

112 1931 294 1983 meridianam
305 1933 413 1998 plagam
423 1932 604 1984 Macedoniae
626 1945 654 1984 et
679 1933 765 1998 Epiri,
786 1951 857 1983 com·

112 2001 286 2068 plectebatur
313 2005 420 2055 scilicet
435 2004 658 2069 Peloponnesum
677 2003 857 2066 Thessaliam,

112 2073 317 2126 Acharnaniam
345 2089 373 2128 et
389 2075 552 2134 ¹Aetoliam,
580 2077 730 2126 constituta
759 2087 800 2127 est
827 2077 858 2126 in

112 2147 284 2210 provinciam
301 2160 481 2200 antonomum
495 2147 647 2198 1111115271.
660 2146 719 2206 Ch.,
738 2165 802 2196 nam
812 2165 857 2197 an·

88 2281 91 2288 )
112 2227 156 2267 151
175 2218 336 2282 proconsuli
356 2219 538 2271 Macedoniae
557 2228 616 2269 erat
629 2218 762 2277 subiecta,
775 2219 857 2283 eique

112 2300 254 2354 aggregata
274 2301 394 2356 estpars
412 2290 490 2356 Epiri
510 2289 628 2358 (Strabo,
641 2309 667 2355 p.
681 2290 743 2356 380)
760 2289 857 2340 51115111

112 2377 201 2426 usque
224 2358 385 2427 Nicopolim
405 2362 450 2430 (cf.
469 2357 731 2420 Tacitus,Annolis,
745 2360 782 2420 II,
803 2361 857 2426 53),

111 2448 222 2482 necnon
231 2432 338 2483 insulae
348 2451 419 2499 quae
425 2433 557 2484 Graeciae
563 2432 699 2483 adiacent.
705 2431 857 2483 Proconsul

112 2502 162 2568 qui
181 2505 353 2567 provinciam
372 2505 483 2570 regebat
496 2503 624 2555 Corinthi
637 2503 796 2556 morabatur
811 2503 856 2572 (cs.

111 2573 152 2626 Ac
174 2573 215 2633 18,
236 2575 289 2642 12).
309 2575 399 2627 Urbes
417 2575 548 2636 Achaiae,
561 2576 596 2625 de
610 2575 713 2640 quibus
723 2577 857 2626 memoria

111 2646 200 2696 estin
219 2645 298 2697 libris
317 2650 409 2708 sacris,
428 2659 493 2698 sunt

115 2713 117 2719 '
147 2715 274 2768 Athenae
293 2718 456 2784 metropolis
483 2718 662 2770 celeberrima
691 2720 799 2770 Atticae
828 2719 857 2768 in

112 2789 192 2839 cuius
210 2787 355 2854 Areopago
375 2789 477 2841 Paulus
496 2808 652 2841 sermonem
677 2789 776 2841 habuit
805 2790 856 2857 (Ac

112 2860 155 2919 17,
177 2858 208 2912 19
228 2862 324 2926 seqq).

148 2936 299 2998 Corinthus
319 2937 441 2998 bimaris,
460 2951 491 2990 ut
519 2938 637 2990 Ovidius
657 2939 856 3006 (Metamorph.

112 3008 136 3067 5,
159 3009 222 3075 407)
251 3009 382 3075 appellat,
411 3009 556 3062 florentem
584 3009 684 3061 habuit
711 3011 856 3062 ecclesiam

112 3080 163 3147 (Ac
183 3079 225 3139 18,
255 3081 324 3148 1-18)
353 3080 449 3146 ibique
475 3082 558 3147 longo
585 3093 710 3147 tempore
738 3100 857 3133 commo·

110 3163 185 3202 ratus
204 3162 246 3201 est
263 3151 422 3218 Apostolus.

147 3221 290 3274 Cenchrae
309 3235 406 3288 portus
425 3222 553 3275 Corinthi
570 3224 604 3276 ad
627 3225 719 3275 sinum
747 3225 855 3277 Saroni-

112 3311 176 3344 cum
195 3292 294 3345 habuit
313 3313 390 3345 suam
410 3294 591 3347 ecclesiam-a
611 3296 637 3347 S.
654 3296 740 3347 Paulo
759 3296 856 3349 funda-

112 3375 169 3415 tam
190 3363 254 3432 (Rm
275 3366 316 3425 16,
337 3366 371 3432 l).

145 3435 246 3501 Sicyon
265 3448 424 3488 recensetur
444 3438 469 3504 (l
490 3436 535 3487 Mc
555 3439 597 3498 15,
616 3439 661 3504 23)
681 3440 754 3490 inter
771 3439 855 3490 urbes

110 3507 212 3572 quibus
241 3508 360 3559 Romani
391 3510 560 3574 scripserunt
588 3527 623 3561 ne
643 3509 753 3562 Iudaeis
782 3510 855 3562 mala

109 3578 253 3630 inferrent.

145 3656 250 3722 Sparta,
260 3670 344 3723 caput
352 3659 528 3724 reipublicae
535 3662 565 3710 in
578 3660 780 3726 Peloponneso,
790 3663 855 3711 ami·

110 3729 205 3798 citiam
224 3727 322 3779 habuit
335 3748 398 3780 curn
413 3730 524 3782 Iudaeis
536 3743 661 3796 tempore
674 3731 854 3783 Machabaeo·

109 3817 171 3850 rum
192 3799 251 3867 (cfr.
273 3801 285 3850 1
305 3799 351 3850 Μ5
372 3802 413 3861 12,
434 3801 449 3852 6
469 3821 563 3868 seqq.;
583 3803 623 3861 15,
645 3803 719 3853 17-23
740 3805 812 3869 etc.)

166 3870 194 3940 c)
213 3871 340 3936 Illyrium
359 3872 404 3923 vel
423 3873 566 3938 lllyricum
588 3873 651 3940 (Rm
672 3874 713 3933 15,
734 3875 777 3940 19)
797 3893 853 3924 am·

109 3942 284 4008 plectebatur
301 3945 427 4007 regiones
446 3963 542 3996 omnes
561 3961 632 4010 quae
651 3957 729 3996 erant
747 3947 777 3996 in
797 3964 854 4010 sep·

108 4014 305 4064 tentrionalem
325 4014 433 4079 plagam
452 4015 643 4074 Macedoniae,
661 4034 749 4082 usque
762 4016 854 4067 Danu·

108 4086 194 4135 vium.
214 4085 346 4136 Primitus
372 4089 426 4154 (an.
456 4087 505 4138 167
534 4106 558 4138 a.
588 4087 649 4153 Ch.)
679 4101 853 4154 aggregatum

109 4155 300 4216 Macedoniae,
330 4175 403 4208 anno
432 4159 464 4209 21
492 4178 516 4210 a.
547 4158 597 4210 Ch.
625 4160 653 4209 in
682 4161 853 4225 provinciam

109 4238 288 4278 autonomam
298 4231 481 4281 constitutum
500 4243 541 4281 est
560 4249 615 4281 una
638 4249 701 4282 cum
714 4231 853 4282 Dalmatia

110 4299 136 4366 (2
156 4298 207 4349 Tm
226 4301 251 4358 4,
272 4300 324 4367 10).
341 4299 509 4353 Α111111115111
536 4313 578 4352 551
602 4315 697 4368 postea
721 4304 775 4370 (an.
795 4304 810 4356 9
829 4321 853 4353 a.

109 4368 171 4438 Ch.)
192 4369 304 4434 Illyrico
323 4373 408 4423 etiam
427 4372 570 4424 Pannonia
589 4391 652 4424 cum
666 4374 769 4425 Norico
782 4392 854 4439 quae

108 4443 234 4506 regiones
253 4453 346 4493 tamen
365 4462 421 4493 non
441 4444 530 4495 multo
554 4457 617 4510 post
642 4447 671 4495 in
697 4447 854 4510 provincias

914 287 1077 326 autonomas
1095 278 1199 340 pariter
1217 277 1384 326 constitutae
1403 287 1475 327 sunt.
1495 275 1604 340 Illyrici
1620 275 1667 325 vel

913 347 1007 411 potius
1026 346 1181 398 Dalmatiae
1200 345 1267 397 urbs
1286 347 1412 412 capitalis
1430 347 1485 398 fuit
1503 344 1615 397 Salona.

967 417 1000 489 d)
1018 417 1181 469 Provinciae
1199 429 1292 468 autem
1312 417 1429 469 Thracia
1448 429 1475 470 et
1488 416 1597 469 Moesia
1610 417 1669 468 for·

914 507 987 540 mam
1006 500 1185 541 autonomam
1205 501 1387 554 susceperunt
1408 489 1488 551 annis
1515 491 1669 554 insequen-

913 560 998 622 tibus,
1016 560 1134 612 Thracia
1162 571 1294 626 regnante
1323 559 1442 612 Claudio
1469 578 1543 611 anno
1572 560 1607 610 46
1635 571 1666 611 51

913 631 1020 683 Moesia
1038 649 1113 684 anno
1132 633 1166 684 89
1187 631 1240 684 sub
1259 630 1431 691 Domitiano,
1440 631 1554 696 quando
1573 631 1665 682 divisa

913 705 996 754 estin
1008 702 1076 754 duas
1086 705 1252 770 provincias,
1265 705 1435 769 superiorem
1450 713 1478 754 et
1489 702 1665 754 inferiorem.

950 830 973 880 3.
993 828 1112 878 1111111111
1140 844 1161 879 5.
1184 829 1275 881 Pium
1299 843 1444 882 11551511.
1475 861 1506 866 -
1536 828 1662 880 Primum
1734 855 1736 866 -

912 901 966 950 iter
988 899 1039 967 (Ac
1055 900 1096 958 13,
1113 901 1128 949 4
1141 919 1148 958 3
1162 901 1203 960 14,
1215 902 1259 968 26)
1270 903 1343 952 51151
1355 919 1460 952 1111111111
1472 899 1505 950 45
1518 902 1663 966 inceptum

912 981 954 1020 est
972 969 1147 1029 Antiochiae,
1166 973 1241 1023 unde
1260 974 1336 1023 venit
1359 971 1513 1024 Seleuciam
1538 971 1664 1036 indeque

912 1043 1050 1106 navigavit
1070 1041 1191 1108 Cyprum
1211 1044 1437 1110 praedicavitque
1459 1042 1616 1094 Salaminae
1635 1057 1661 1094 et
1736 1067 1737 1074 ¹

911 1113 1115 1180 perambulavit
1144 1115 1302 1166 universam
1329 1116 1471 1180 regionem
1498 1131 1589 1178 usque
1615 1115 1664 1164 Pa·
1737 1133 1738 1176 3

912 1184 1008 1250 phnm.
1027 1183 1053 1234 A
1071 1184 1167 1250 Papho
1187 1187 1324 1252 navigavit
1347 1186 1452 1251 Pergen
1479 1184 1663 1251 Pamphyliae
1737 1199 1738 1236 1

911 1267 939 1306 51
958 1255 1024 1307 111115
1042 1258 1119 1307 venit
1138 1256 1317 1308 Antiochiam
1343 1257 1471 1308 Pisidiae.
1497 1255 1576 1307 Tunc
1601 1276 1664 1322 pro-

910 1327 1000 1378 fectus
1019 1339 1060 1378 551
1079 1327 1216 1388 Iconium,
1242 1328 1359 1380 Listram
1379 1340 1407 1379 et
1435 1327 1567 1386 Derben;
1594 1329 1662 1379 rele-

911 1417 1032 1465 gensque
1045 1400 1098 1450 iter
1111 1401 1188 1450 venit
1201 1400 1338 1460 Iconium,
1351 1399 1539 1459 Antiochiam,
1555 1399 1660 1465 Pergen

910 1482 938 1521 et
947 1470 1081 1521 Attaliam
1091 1469 1213 1536 indeque
1223 1473 1357 1522 remeavit
1368 1470 1547 1522 Antiochiam
1558 1470 1661 1535 Syriae.

946 1559 1105 1611 Secundum
1133 1562 1186 1610 iter
1215 1560 1266 1628 (Ac
1288 1561 1329 1620 15,
1349 1562 1402 1620 41;
1422 1561 1464 1618 18,
1494 1560 1538 1626 22)
1570 1561 1662 1626 1115511·

911 1641 970 1682 tum
992 1642 1055 1696 post
1077 1631 1157 1682 Pauli
1185 1632 1306 1683 reditum
1334 1631 1369 1682 de
1397 1630 1517 1683 concilio
1544 1630 1662 1697 Aposto-

911 1702 1003 1754 lorum
1032 1702 1083 1769 (Ac
1104 1704 1146 1762 14,
1165 1704 1197 1754 27
1219 1722 1296 1768 sqq.;
1325 1703 1377 1754 Gal
1405 1703 1431 1764 2,
1451 1704 1475 1762 1,
1495 1702 1531 1767 2),
1559 1721 1662 1769 nempe

912 1775 985 1825 circa
1004 1792 1109 1825 annum
1130 1775 1171 1825 51.

946 1844 1096 1896 Antiochia
1114 1845 1256 1911 profectus
1275 1847 1430 1912 peragravit
1449 1848 1556 1913 Syriam
1575 1859 1603 1897 et
1619 1847 1661 1898 Ci-

910 1915 1013 1976 liciam,
1032 1916 1107 1968 unde
1126 1935 1176 1982 per
1193 1929 1287 1983 portas
1307 1917 1421 1969 Ciliciae
1440 1918 1553 1970 Derben
1575 1921 1661 1971 venit.

910 1998 1094 2052 transgressus
1113 2000 1155 2039 551
1173 1988 1306 2055 Lystram,
1335 1989 1471 2051 Iconium,
1497 1991 1612 2041 intravit
1631 1992 1660 2039 in

913 2058 1068 2123 Phrygiam,
1087 2061 1116 2110 111
1136 2059 1289 2111 Galaticam
1309 2062 1459 2125 regionem,
1486 2063 1516 2112 in
1542 2061 1660 2126 Mysiam

911 2131 986 2180 etin
1005 2129 1150 2190 Troadem,
1174 2131 1258 2192 unde,
1284 2131 1379 2183 habita
1402 2134 1518 2193 visione,
1543 2151 1593 2199 per
1617 2133 1661 2184 Sa-

911 2200 1093 2252 mothraciam
1113 2202 1233 2254 insulam
1252 2205 1390 2267 navigavit
1409 2206 1439 2254 in
1465 2203 1659 2256 Macedoniam

910 2272 1054 2338 appellens
1072 2272 1267 2339 Neapolimet
1294 2286 1477 2339 transgressus
1505 2275 1660 2342 Philippos,
1742 2275 1743 2278 ’

911 2343 1113 2410 Amphipolim,
1133 2345 1322 2410 Apolloniam,
1350 2345 1584 2408 Thessalonicam,
1611 2347 1660 2398 Be·

912 2433 1005 2466 roeam
1025 2434 1075 2481 per
1084 2434 1159 2467 mare
1178 2417 1326 2468 adsecutus
1341 2429 1383 2468 est
1394 2417 1526 2469 Athenas.
1540 2418 1660 2470 Deinde.

912 2505 985 2537 anno
1005 2486 1044 2536 IX
1071 2486 1182 2553 Claudii
1201 2488 1295 2554 elapso
1316 2488 1361 2552 (cf.
1390 2489 1430 2540 Ac
1458 2491 1498 2550 18,
1518 2491 1555 2556 2),
1583 2493 1660 2541 venit

912 2558 1087 2617 Corinthum,
1115 2559 1190 2610 unde
1221 2571 1283 2624 post
1319 2560 1429 2624 longam
1466 2579 1582 2620 moram,
1610 2580 1660 2626 per

911 2628 1061 2694 Ephesum,
1075 2629 1241 2681 Caesaream
1270 2630 1441 2682 Palaestinae
1460 2643 1489 2684 et
1507 2632 1658 2684 Ierusalem

911 2718 1036 2751 reversus
1058 2713 1100 2752 est
1117 2701 1304 2752 Antiochiam.

946 2790 1071 2841 Tertium
1098 2793 1152 2841 iter
1180 2792 1230 2859 (Ac
1252 2793 1293 2851 18,
1313 2792 1344 2842 23
1366 2821 1374 2831 -
1394 2793 1436 2852 21,
1463 2793 1489 2858 8)
1518 2811 1659 2858 aggressus

911 2871 953 2911 est
972 2863 1044 2912 circa
1064 2880 1167 2912 annum
1188 2863 1230 2913 54.
1250 2863 1357 2914 Relicta
1382 2862 1540 2924 Antiochia,
1565 2883 1599 2915 ex
1618 2882 1659 2914 or-

912 2931 977 2983 dine
997 2933 1200 2998 perambulavit
1210 2933 1348 2984 Galatiam
1367 2945 1395 2984 et
1413 2935 1570 3000 Phrygiam,
1583 2935 1659 2985 unde
1744 2995 1745 3000 ¹

910 3006 1037 3069 pervenit
1056 3004 1196 3070 Ephesum
1214 3005 1310 3071 ibique
1330 3024 1379 3071 per
1397 3006 1543 3057 biennium
1558 3017 1586 3058 et
1602 3019 1658 3057 tres

910 3092 1019 3142 menses
1037 3088 1160 3127 moratus
1178 3089 1228 3127 est.
1251 3076 1328 3127 Tunc
1353 3078 1492 3142 navigavit
1515 3079 1545 3127 in
1571 3077 1659 3129 Mace·

911 3145 1034 3206 doniam,
1044 3149 1121 3198 venit
1133 3148 1163 3197 in
1176 3147 1321 3199 Graeciam
1333 3159 1361 3198 et
1373 3148 1489 3200 sortasse
1499 3167 1658 3214 progressus

910 3229 952 3268 est
970 3237 1059 3285 usque
1077 3220 1107 3270 in
1133 3217 1276 3283 Illyricum
1305 3218 1485 3285 (cf.Rm15,
1508 3221 1561 3286 19).
1592 3221 1657 3271 Post

910 3301 965 3340 tres
984 3308 1092 3341 menses
1110 3308 1235 3341 reversus
1254 3302 1296 3341 est
1315 3290 1460 3356 Philippos
1473 3302 1501 3342 et
1513 3309 1563 3357 per
1577 3291 1659 3342 Troa-

910 3360 983 3420 dem,
1002 3361 1111 3421 Assum,
1130 3361 1303 3426 Mitylenem,
1328 3361 1439 3422 Chium,
1459 3362 1580 3422 Samum,
1608 3363 1659 3413 Mi·

909 3431 1007 3492 letum,
1028 3433 1126 3492 Coum,
1139 3432 1271 3484 Rhodum
1285 3445 1313 3484 et
1326 3432 1452 3484 Pataram
1465 3445 1541 3485 recto
1557 3435 1658 3484 itinere

909 3514 937 3554 51
955 3505 1086 3568 navigans
1105 3504 1140 3555 ad
1159 3504 1333 3555 occidentem
1356 3504 1439 3571 Cypri
1463 3507 1590 3571 pervenit
1609 3505 1658 3569 Ty·

909 3592 980 3634 rum,
986 3574 1187 3626 Ptolemaidem
1200 3586 1228 3626 et
1241 3575 1411 3635 Caesaream,
1422 3576 1496 3626 unde
1506 3575 1656 3627 Ierusalem

909 3648 1036 3711 pervenit
1054 3648 1126 3696 circa
1146 3647 1327 3715 Pentecosten
1347 3650 1413 3698 anni
1437 3648 1477 3697 58.

945 3732 1083 3797 Quartum
1103 3735 1156 3784 iter
1176 3734 1226 3800 (Ac
1238 3734 1280 3792 23,
1301 3735 1351 3792 31;
1366 3733 1408 3793 28,
1423 3734 1475 3801 16),
1488 3735 1542 3783 1151
1556 3751 1656 3800 nempe

909 3805 1086 3869 captivitatis,
1115 3804 1225 3855 duobus
1255 3807 1388 3870 temporis
1419 3805 1568 3856 momentis
1600 3824 1657 3870 per·

909 3874 1014 3926 fectum
1034 3888 1083 3927 est.
1106 3876 1188 3926 Anno
1209 3875 1242 3926 58
1261 3875 1374 3940 quando
1392 3893 1494 3941 nempe
1521 3874 1656 3926 deductus

909 3958 950 3996 est
963 3946 1004 3998 de
1025 3947 1175 3998 Ierusalem
1194 3949 1223 3996 in
1243 3946 1404 3998 Caesaream
1434 3965 1484 4012 per
1509 3948 1657 4012 Antipatri-

909 4017 992 4078 dem;
1012 4018 1113 4069 deinde
1133 4037 1207 4068 anno
1226 4018 1269 4078 62,
1279 4037 1336 4083 quo
1354 4037 1428 4069 anno
1447 4019 1523 4069 venit
1543 4018 1577 4068 de
1594 4018 1657 4070 Cae-

907 4107 983 4150 sarea
1011 4090 1128 4140 Romam
1156 4091 1286 4154 navigans
1314 4108 1363 4156 per
1382 4089 1523 4148 Sidonem,
1541 4089 1657 4154 Myram.

908 4160 1044 4220 Gnidum,
1063 4161 1221 4212 Salmonem
1235 4162 1467 4226 promontorium,
1479 4161 1657 4226 Boniportus.

909 4232 1078 4292 Thalassam,
1089 4231 1257 4291 Phoenicen,
1269 4232 1394 4284 Caudam
1403 4231 1532 4290 insulam,
1542 4231 1657 4283 Adriam

910 4305 956 4370 (m.
977 4303 1162 4368 Adriaticum)
1182 4302 1318 4362 Melitam,
1346 4303 1500 4367 Syracusas,
1519 4301 1656 4368 Rhegium

908 4387 936 4425 et
955 4374 1103 4433 Puteolim,
1122 4375 1197 4425 unde
1217 4393 1266 4440 per
1292 4375 1393 4425 Forum
1422 4375 1505 4440 Appii
1535 4385 1562 4424 et
1591 4375 1658 4426 Tres

908 4446 1045 4497 Tavernas
1064 4446 1169 4496 Urbem
1190 4446 1336 4496 adsecutus
1355 4457 1404 4496 est.
