3494 5142
822 195 944 244 -9-

143 369 226 421 Anno
237 371 360 422 secundo
372 373 464 436 igitur,
477 388 572 422 mense
581 369 713 429 secundo,
722 371 853 434 vigesima

107 440 154 492 die
182 443 285 493 mensis
304 442 518 509 proficiscuntur
544 459 639 493 versus
672 440 853 491 solitudinem

107 511 219 563 Pharan
239 512 304 581 (Nm
324 515 366 575 10,
391 515 434 580 ll)
454 524 564 578 etpost
586 511 711 563 triduum
736 513 854 562 veniunt

107 585 199 648 primo
211 583 356 645 Taberam,
368 585 465 650 ibique
478 602 604 635 murmur
613 582 712 649 populi
722 582 854 634 incendio

107 665 262 706 castrorum
289 658 405 722 punitur
426 654 491 723 (Nm
517 657 559 716 11,
585 655 657 721 1·3);
676 654 743 705 dein
761 654 797 704 ad
816 671 854 704 se·

107 725 205 790 pulcra
224 724 482 793 Concupiscentiae,
500 725 550 776 ubi
574 727 726 778 sciscitanti
748 724 853 790 populo

107 797 246 849 Dominus
264 798 313 849 dat
327 816 432 858 carnes,
450 797 585 862 iubetque
604 797 720 861 Moysen
736 796 791 848 sibi
809 796 854 847 ad-

108 886 217 920 sumere
236 871 409 934 septuaginta
435 870 518 928 viros,
542 870 592 933 qui
615 869 641 919 ei
669 867 805 918 adsistant
826 879 854 918 et

107 938 242 991 adiuvent
262 940 327 1008 (Nm
348 942 390 1000 ll,
408 941 489 1006 1-31).
509 939 665 990 Transeunt
678 950 745 989 tunc
757 941 788 989 in
801 939 854 989 Ha·

107 1009 203 1062 serotb
222 1022 251 1062 et
269 1011 357 1063 Maria
376 1029 454 1062 soror
478 1010 582 1075 Moysis
609 1009 742 1076 plectitur
768 1009 854 1074 lepra,

107 1099 142 1132 ex
160 1099 194 1132 eo
214 1082 290 1148 quod
314 1084 344 1133 in
361 1081 475 1133 fratrem
498 1093 719 1132 murmuraverat
732 1081 797 1149 (Nm
812 1082 854 1140 11,

108 1153 196 1213 31-12,
216 1153 269 1221 15).
288 1153 410 1206 Profecti
429 1152 531 1204 deinde
553 1152 588 1203 de
607 1151 747 1203 Haseroth
767 1151 855 1217 figunt

107 1225 237 1285 tentoria,
247 1242 296 1276 seu
315 1243 343 1276 se
362 1226 537 1276 constituunt
550 1235 578 1274 et
596 1223 646 1274 diu
661 1235 815 1284 versantur,
824 1224 854 1274 in

108 1294 219 1346 deserto
241 1295 360 1346 Pharan.

144 1365 292 1420 Desertum
314 1367 433 1426 Pharan,
451 1368 531 1417 cuius
549 1365 613 1416 finis
634 1366 778 1417 orientalis
796 1378 856 1417 erat

107 1435 227 1488 Arabab
245 1455 333 1504 usque
352 1436 435 1489 Elath
449 1437 508 1504 (cfr.
527 1436 572 1489 Gn
592 1437 635 1498 21,
659 1437 711 1497 21,
729 1437 773 1497 25,
792 1439 854 1504 18);

108 1507 300 1560 meridionalis
316 1527 345 1575 g.
373 1508 487 1568 et-Tib3
508 1508 689 1560 occidentalis
715 1507 854 1560 desertum

108 1578 161 1630 Sur
179 1579 224 1630 vel
243 1579 361 1640 Etham;
380 1579 604 1646 septentrionalis
631 1598 698 1632 vero
723 1598 803 1631 mons
821 1578 855 1629 A·

32 1699 34 1704 .
108 1650 330 1713 morrbaeorum,
361 1651 564 1703 extendebatur
593 1650 629 1702 ab
660 1651 793 1704 Idumaea
820 1650 855 1701 ad

108 1720 265 1786 Aegyptum
285 1721 330 1790 (cf.
350 1723 364 1773 3
385 1722 428 1788 Rg
447 1723 489 1783 11,
517 1722 573 1788 18),
598 1741 614 1772 a
641 1723 751 1774 deserto
779 1722 855 1773 Sinai

108 1791 144 1842 ad
184 1791 253 1844 fines
290 1792 487 1844 meridionales
532 1792 713 1844 Palaestinae.
759 1793 855 1860 Ipsum

109 1873 203 1914 autem
217 1882 276 1916 esse
296 1873 311 1894 ‘⁶
330 1881 455 1916 eremum
467 1864 621 1916 terribilem
637 1876 666 1915 et
678 1866 855 1916 11161111116111δὲ

111 1933 160 2001 (Dt
180 1935 204 1994 1,
225 1936 280 2002 19),
296 1937 327 1986 in
345 1954 401 2002 qua
419 1944 507 1986 “erat
529 1953 641 2001 serpens
654 1935 722 1987 flatu
735 1935 855 1986 adurens

109 2016 137 2056 et
156 2007 265 2072 scorpio
283 2017 312 2057 et
330 2006 424 2073 dipsas
443 2017 471 2057 et
488 2006 583 2057 nullae
597 2009 713 2058 omnino
731 2025 820 2072 aquae
840 2015 855 2036 '³

110 2076 197 2143 (Dt8,
217 2077 249 2128 15
269 2075 331 2128 -61,
350 2078 426 2139 112,
445 2078 482 2144 6),
501 2078 856 2143 etperquamDeustra·

109 2148 191 2198 duxit
209 2147 284 2199 filios
303 2149 388 2201 lsrael
406 2159 439 2200 ut
457 2167 504 2200 eos
527 2148 673 2200 induceret
697 2151 727 2200 in
754 2161 856 2200 terram

109 2221 311 2284 promissionis,
330 2220 480 2271 indubium
499 2232 548 2272 est.
567 2219 635 2271 Ideo
663 2221 704 2270 ibi
724 2238 856 2287 quaeren-

109 2290 162 2340 dae
181 2303 246 2341 sunt
264 2293 396 2342 stationes
418 2309 523 2352 omnes,
542 2293 656 2356 quaein
669 2291 742 2344 libro
755 2291 856 2342 Nume-

109 2380 205 2412 rorum
217 2363 270 2430 (33,
286 2363 373 2429 18-36)
388 2361 584 2414 describuntur
598 2381 614 2413 a
627 2364 717 2428 primo
730 2364 855 2428 ingressu

109 2433 139 2483 in
159 2432 268 2485 Pharan
286 2434 429 2500 usquead
448 2433 650 2499 profectionem
679 2435 714 2485 de
733 2434 821 2486 Cades
837 2433 854 2494 ¹,

136 2558 144 2587 1
159 2559 261 2596 Stationee
275 2571 329 2609 quae
343 2561 423 2598 ibidem
436 2561 584 2598 describuntur
597 2569 660 2598 sunt:

137 2611 225 2648 Rethma
239 2625 267 2647 Ξ
279 2625 306 2650 w.
321 2613 427 2652 Retbnma
447 2614 575 2652 occidentem
596 2627 667 2651 verene
682 2615 708 2650 ab
725 2613 774 2650 'Ain
789 2613 855 2660 Qudis

108 2677 184 2714 nempe
199 2665 338 2705 Cadeebarne.

138 2718 328 2769 Remmompharee.

136 2771 206 2808 Lebne
222 2786 249 2808 z
262 2771 362 2810 el-Beida
375 2771 412 2826 (l).

136 2824 200 2862 Resea
210 2837 246 2862 eeu
257 2825 310 2862 Rasa
324 2839 377 2876 quae
390 2829 412 2864 in
427 2826 478 2864 Tab.
493 2828 589 2876 Peuting.
605 2829 630 2864 32
645 2827 733 2864 miliaria
752 2827 778 2863 ab
796 2827 856 2866 Aelat

107 2886 129 2914 et
145 2878 170 2914 16
184 2878 230 2914 mil.
245 2891 257 2916 a
270 2879 371 2930 Gypsaria
384 2880 507 2918 ostenditur.

136 2931 241 2968 Caelatha.

136 2984 214 3034 Sepber
227 2998 287 3023 mone
301 3002 327 3022 z
340 3002 363 3038 g.
378 2987 450 3036 Arois.

136 3038 211 3074 Arada.

136 3091 249 3134 Maceloth,

135 3144 238 3181 Thabath.

81 3228 84 3233 .
136 3198 211 3235 There.

137 3251 228 3288 Metbca.

136 3303 250 3340 Hesmona.

136 3357 250 3400 Moecroffi,
265 3369 302 3395 seu
316 3364 328 3380 “
338 3359 426 3402 Mosera,
437 3361 475 3398 ubi
484 3362 553 3398 Aaron
562 3369 657 3398 mortuus
667 3368 687 3396 et
695 3361 789 3410 sepultus
803 3370 834 3397 eet
844 3368 855 3382 '³

108 3408 146 3460 (Dt
161 3411 194 3452 10,
210 3409 239 3462 6).
254 3412 365 3458 Quomodo
379 3413 413 3450 1116
432 3423 499 3452 textus
509 3422 703 3464 componaturcum
718 3414 757 3450 Nm
768 3415 801 3455 20,
814 3415 854 3456 25,

110 3465 144 3504 33,
159 3464 193 3506 st.
208 3464 234 3500 38
248 3465 297 3502 vide
310 3475 411 3515 exegetas.

136 3516 251 3554 Beneiacan
272 3520 340 3561 statio,
362 3532 415 3569 quae
436 3522 458 3557 in
477 3521 505 3558 Dt
529 3521 562 3561 10,
578 3519 590 3555 6
604 3527 690 3555 vocatur
710 3518 788 3554 Beroth
802 3519 854 3556 filio-

108 3570 238 3612 ruminetur,
253 3584 327 3622 nempe
341 3575 400 3623 putei
417 3575 526 3612 cuiusdam
544 3573 619 3614 tribus,
639 3584 692 3620 quae
705 3583 781 3608 nomen
799 3585 855 3610 ecee·

108 3631 165 3672 perat
179 3636 191 3660 a
204 3623 265 3661 Iacan
279 3625 381 3664 horrhaeo
394 3623 437 3677 (Gn
461 3628 494 3669 36,
510 3629 553 3669 273
570 3627 611 3664 Par
641 3627 660 3666 1,
680 3623 723 3676 42).
743 3625 810 3663 Locus
828 3627 855 3663 ab

109 3677 200 3713 Eusebio
222 3675 386 3727 (Onomoaticon
400 3681 426 3717 ad
440 3687 461 3718 v.
477 3679 564 3732 Beroth)
577 3680 654 3717 dicitur
676 3684 687 3700 ‘⁴
701 3679 723 3714 in
738 3677 853 3716 deserte...

109 3731 130 3766 in
145 3730 164 3766 X
177 3729 247 3780 lapide
261 3733 319 3769 urbia
333 3733 406 3770 Petrae
420 3735 441 3771 in
455 3736 532 3771 montis
545 3735 622 3770 vertice
638 3737 658 3768 ⁴⁸.

135 3783 220 3832 Gadgtd
234 3797 302 3828 mons,
316 3787 349 3823 vel
364 3800 450 3824 caverna
462 3785 541 3840 (hebr).

135 3837 242 3926 {qtebatha
256 3845 267 3860 ‘⁶
281 3847 335 3876 terra
348 3852 449 3890 aquarum
462 3850 525 3891 atque
538 3839 660 3878 torrentium
678 3843 689 3858 ³⁶
705 3837 744 3891 (Dt
759 3842 791 3882 10,
809 3840 836 3892 7).

157 3890 242 3926 ebrona.

135 3943 270 3992 Aeiongaber‚
276 3945 328 3981 urbe
337 3950 349 3967 ‘⁴
357 3957 411 3994 qnae
418 3953 449 3982 est
455 3947 512 3982 iuxta
519 3945 590 3983 Ailath
597 3945 619 3981 in
629 3945 690 3982 litore
708 3949 770 3984 maris
780 3947 853 3987 Rubri,

109 3997 130 4031 in
151 4003 204 4033 terra
224 3997 335 4036 Idumaeae
352 4003 364 4020 ⁸·
377 3996 398 4050 (3
417 3998 448 4047 ltg
460 4000 481 4040 9,
497 3999 540 4052 26),
555 4001 577 4036 in
590 4000 624 4034 via
637 3998 722 4048 publica
737 3998 775 4050 (Dt
790 4001 810 4042 2,
825 4000 853 4052 8).

136 4048 202 4086 Cadee
216 4051 238 4086 in
256 4050 338 4088 deserto
352 4051 389 4088 Sin
401 4051 451 4102 (Nm
476 4054 510 4093 33,
533 4052 628 4104 36),11111
648 4061 729 4090 mortua
743 4062 775 4090 est
789 4054 854 4092 Maria

109 4114 167 4139 soror
180 4102 246 4140 Moris
266 4112 287 4140 et
307 4117 361 4153 equa
381 4105 495 4142 eductaeet
513 4105 540 4142 de
559 4113 617 4156 petra
636 4103 687 4157 (Nm
708 4107 742 4147 20,
758 4107 768 4142 l
784 4106 850 4159 sqq.)

109 4155 166 4192 Haec
180 4155 254 4198 Cades.
269 4159 335 4206 posita
346 4159 368 4194 in
381 4158 494 4196 solitudine
504 4159 548 4201 Sin,
563 4167 658 4208 quaeest
676 4160 732 4196 iuxta
753 4160 819 4196 Edom
833 4169 854 4197 et

108 4212 235 4246 contermina
258 4210 387 4248 Palaestinae
407 4212 538 4250 meridionali
556 4210 607 4264 (Nm
628 4214 662 4254 at,
687 4213 714 4255 3;
734 4213 755 4250 le
774 4214 807 4255 15,
824 4213 852 4265 1),

108 4262 148 4298 alia
162 4271 200 4304 eet,
215 4271 239 4300 ut
253 4264 342 4306 videtur,
353 4277 365 4300 a
376 4264 506 4302 Cadeebarue
515 4278 569 4315 quae
582 4267 656 4303 eratin
666 4265 748 4303 deserto
762 4267 851 4303 Pharan.

908 369 1006 435 ibique
1024 369 1143 435 proinde
1161 369 1294 435 pleraque
1315 382 1375 422 acta
1395 381 1459 421 sunt
1477 389 1549 436 quae
1568 370 1603 422 de
1614 366 1656 421 ¹eo

908 441 1034 507 tempore
1052 451 1208 492 narrantur.
1227 441 1325 506 Itaque
1346 440 1382 492 de
1408 441 1518 492 deserto
1546 440 1655 493 Pharan

909 523 937 562 et
955 513 1067 577 proprie
1086 511 1121 563 de
1140 511 1229 564 Cades
1254 512 1361 564 Barnea
1390 511 1456 580 (Nm
1484 513 1527 571 32,
1556 513 1590 573 8;
1617 512 1655 563 111

911 584 935 643 1,
955 583 998 651 19)
1018 584 1171 634 missisunt
1188 583 1385 649 exploratores,
1404 601 1494 649 eoque
1511 583 1656 635 redierunt

908 665 972 719 post
989 653 1171 720 quadraginta
1190 653 1267 714 dies;
1289 654 1331 706 ibi
1357 656 1446 719 gravis
1475 655 1523 722 (ib'.
1546 656 1588 715 13,
1609 655 1653 721 27)

909 725 1093 776 murmuratio
1111 736 1140 777 et
1164 724 1265 776 seditio
1288 738 1383 778 exorta
1409 737 1450 777 est
1474 726 1571 791 ibique
1589 727 1656 776 irro-

909 808 970 861 gata
988 808 1031 847 est
1047 814 1138 862 poena
1168 795 1233 864 (Nm
1254 798 1296 858 11,
1315 796 1424 863 28-35);
1443 815 1477 848 ex
1490 797 1600 848 Pharan
1618 809 1656 848 te·
1744 813 1745 816 ’

908 868 1028 918 merario
1047 885 1118 919 ausu
1130 886 1204 928 cum,
1217 867 1340 919 Domino
1355 869 1453 927 invito,
1467 859 1671 919 ascendissent

908 940 938 990 in
957 950 1090 998 montem,
1109 938 1144 989 ab
1163 938 1325 990 Amalecitis
1350 951 1378 990 et
1406 938 1579 990 Chananaeis
1597 957 1656 1005 per-

909 1011 982 1060 cussi
1001 1021 1029 1060 et
1047 1008 1186 1075 profligati
1205 1021 1270 1061 sunt
1287 1027 1375 1076 usque
1395 1010 1501 1062 Horma
1528 1010 1592 1078 (Nm
1614 1012 1656 1070 11,

909 1081 1019 1148 10-15);
1038 1091 1074 1140 61,
1092 1092 1124 1131 111
1142 1080 1178 1132 de
1197 1083 1295 1132 ceteris
1309 1093 1424 1142 taceam,
1437 1094 1584 1148 postquam
1599 1100 1656 1132 mo·

908 1153 962 1202 rati
982 1153 1095 1202 suntin
1115 1151 1291 1203 Cadesbarne
1310 1152 1393 1217 longo
1416 1164 1542 1218 tempore
1563 1153 1611 1220 (Dt
1631 1154 1656 1209 l,

909 1219 954 1291 15)
974 1224 1005 1274 in
1023 1222 1122 1274 eodem
1141 1223 1250 1274 deserto
1269 1225 1331 1289 vagi
1349 1236 1510 1275 erraverunt
1522 1242 1572 1290 per
1591 1242 1656 1289 qua·
1744 1279 1745 1282 Ἴ

909 1295 1035 1359 draginta
1048 1311 1144 1354 annos,
1159 1295 1248 1346 donec
1259 1303 1274 1325 ‘⁶
1287 1294 1421 1346 cadavera
1435 1307 1546 1361 patrum
1560 1303 1576 1324 ”
1593 1313 1656 1346 oon-

909 1377 1045 1416 summata
1065 1376 1137 1416 sunt.
1156 1365 1234 1417 Tune
1260 1374 1276 1396 ‘⁴
1295 1383 1345 1431 per
1371 1367 1445 1417 viam
1472 1377 1654 1431 campestrem

910 1435 945 1487 de
963 1435 1046 1487 Elath
1064 1448 1092 1488 et
1103 1436 1276 1502 Asiongaber
1287 1446 1302 1466 '³
1324 1455 1375 1504 per
1385 1439 1520 1488 terminos
1532 1437 1653 1488 filiorum

909 1507 982 1558 Esau
1008 1518 1146 1560 venerunt
1164 1517 1180 1538 ⁶⁴
1199 1508 1235 1559 ad
1253 1509 1314 1568 iter,
1344 1507 1420 1574 quod
1448 1509 1527 1560 ducit
1552 1509 1583 1562 in
1611 1508 1657 1558 de-

910 1589 1014 1630 sertum
1033 1577 1118 1629 Moab
1138 1585 1154 1608 '³
1175 1579 1224 1647 (Dt
1251 1579 1276 1639 2,
1296 1580 1331 1646 8).
1351 1579 1497 1641 Stationes,
1519 1596 1591 1646 quae
1609 1598 1656 1645 po-

910 1661 1013 1701 stremo
1031 1649 1086 1700 hoc
1104 1660 1194 1701 tractu
1217 1662 1397 1702 occurrerunt
1420 1651 1657 1718 (Ν11133,37-18),

910 1731 994 1772 sunt:

945 1791 1028 1842 Mons
1047 1792 1115 1854 Hor,
1130 1793 1202 1844 alius
1224 1793 1338 1854 sortasse
1351 1811 1367 1843 a
1378 1792 1461 1858 gebel
1472 1793 1583 1852 Harun,
1606 1795 1655 1856 qui

910 1864 987 1915 iuxta
1006 1863 1105 1915 urbem
1124 1865 1234 1916 Petram
1246 1863 1390 1915 extollitur
1402 1875 1430 1915 et
1443 1865 1492 1929 qui
1505 1882 1520 1916 a
1535 1862 1656 1929 Iosepho

912 1935 988 2002 (Ant.
1012 1934 1101 1995 LIV,
1121 1938 1146 1996 1,
1168 1936 1194 2002 l)
1214 1947 1243 1986 et
1261 1934 1381 1986 Eusebio
1395 1935 1609 2002 (Onomasticon
1620 1935 1655 1985 ad

910 2005 938 2056 h.
956 2006 1000 2074 V.)
1022 2005 1181 2072 designatur
1200 2017 1332 2071 tanquam
1351 2024 1431 2056 mons
1443 2008 1473 2057 in
1486 2025 1543 2072 quo
1561 2005 1654 2056 Aaron

910 2095 1005 2129 mense
1024 2079 1132 2143 quinto,
1142 2078 1188 2129 die
1205 2079 1296 2144 primo
1310 2078 1377 2128 anni
1389 2077 1593 2144 quadragesimi
1612 2095 1656 2127 ex-

910 2149 993 2199 cessit
1012 2150 1110 2200 evita.
1615 2209 1619 2216 Ι

945 2219 1127 2271 Transierunt
1150 2218 1217 2270 inde
1241 2219 1400 2271 Salmonam
1424 2230 1453 2270 et
1482 2219 1602 2271 Phunon
1621 2244 1655 2266 z

910 2289 953 2340 cb.
973 2291 998 2342 F
997 2309 1080 2351 enan,
1098 2293 1172 2342 inter
1190 2291 1300 2350 Petram
1313 2303 1341 2342 et
1353 2291 1470 2342 Zoaram
1483 2301 1511 2341 et
1524 2303 1656 2355 quattuor

910 2362 1037 2427 miliariis
1057 2361 1163 2413 distans
1181 2380 1196 2412 a
1215 2361 1322 2413 Dedan.
1342 2362 1395 2422 Ibi,
1414 2364 1491 2412 iuxta
1503 2361 1653 2415 Eusebium

912 2431 1133 2500 (Onomosticon,
1161 2433 1196 2485 ad
1226 2433 1310 2484 verba
1337 2433 1471 2485 Phaenon
1495 2445 1523 2484 et
1545 2433 1653 2500 Dedan)

910 2517 989 2556 erant
1007 2505 1120 2556 fodinae
1139 2503 1335 2564 metallorum
1353 2505 1450 2570 ibique
1469 2516 1501 2554 ut
1524 2506 1655 2564 creditur,

910 2575 982 2627 facta
1001 2586 1043 2627 est
1063 2575 1205 2626 infestatio
1215 2577 1385 2641 serpentium
1413 2575 1448 2626 ab
1476 2577 1571 2640 eisque
1589 2576 1656 2626 libe·

909 2648 981 2697 ratio
996 2647 1041 2715 (cs.
1051 2646 1107 2696 Nm
1118 2648 1162 2706 21,
1178 2647 1258 2713 510).
1271 2646 1349 2698 Tunc
1361 2658 1499 2698 venerunt
1516 2648 1547 2696 in
1560 2646 1654 2698 Oboth

910 2730 938 2768 et
956 2717 1102 2777 Ieabarim,
1129 2736 1201 2783 quae
1223 2729 1283 2769 erat
1300 2717 1448 2768 infinibus
1468 2716 1654 2768 Moabitarum

910 2801 1006 2840 contra
1032 2788 1196 2840 orientalem
1218 2789 1326 2855 plagam
1352 2788 1417 2856 (Nm
1442 2790 1484 2849 33,
1512 2790 1566 2856 11).
1587 2799 1602 2819 “
1622 2789 1656 2839 Et

909 2861 976 2912 inde
1007 2871 1149 2912 moventes
1180 2872 1317 2912 venerunt
1348 2859 1383 2910 ad
1419 2871 1572 2910 torrentem
1608 2860 1656 2911 Za-

910 2932 960 2983 red
980 2940 995 2962 ³³
1017 2931 1083 2999 (Nm
1111 2932 1154 2991 21,
1174 2933 1228 2998 12),
1246 2932 1295 2996 qui
1320 2930 1494 2996 probabilius
1520 2949 1608 2982 unum
1628 2944 1656 2982 et

910 3003 986 3054 idem
1005 3014 1047 3054 est
1065 3020 1129 3057 cum
1148 3021 1180 3052 w.
1200 3002 1324 3062 el·Hesa‚
1337 3020 1458 3067 quacum
1476 3021 1493 3052 a
1511 3002 1654 3053 nonnullis

910 3074 1109 3140 interpretibus
1136 3084 1312 3139 comparatur
1339 3085 1447 3124 torrens
1475 3073 1596 3124 Salicum
1618 3074 1656 3140 (Is

913 3146 953 3207 15,
967 3147 993 3212 7)
1014 3156 1043 3196 61
1060 3157 1168 3196 torrens
1187 3144 1290 3196 deserti
1315 3144 1378 3212 (Am
1407 3145 1431 3204 6,
1453 3144 1506 3211 15).
1534 3145 1656 3210 Tempus

910 3228 1003 3267 autem
1022 3218 1196 3282 insumptum
1213 3233 1229 3266 a
1248 3217 1338 3281 primo
1351 3215 1473 3267 adventu
1487 3218 1517 3266 in
1537 3225 1552 3245 ‘⁴
1572 3215 1655 3266 Cade-

910 3288 1009 3338 sbarne
1028 3306 1117 3353 usque
1135 3286 1170 3338 ad
1193 3289 1340 3338 transitum
1358 3288 1490 3338 torrentis
1503 3286 1592 3338 Zared
1610 3289 1657 3337 tri-

909 3361 984 3424 ginta
1003 3370 1032 3410 et
1050 3371 1113 3410 octo
1132 3377 1269 3409 annorum
1288 3358 1370 3408 11111ὶὸ
1393 3357 1441 3425 (Dt
1462 3359 1487 3417 2,
1508 3359 1561 3425 11).

945 3429 1019 3481 Hinc
1047 3447 1104 3481 uno
1123 3431 1223 3481 itinere
1242 3431 1446 3480 circumeuntes
1464 3427 1500 3479 ad
1519 3430 1655 3480 orientem

910 3513 1011 3551 terram
1040 3500 1125 3552 Moab
1149 3500 1194 3567 (cf.
1212 3501 1248 3556 Jd
1269 3501 1311 3560 ll,
1331 3502 1374 3567 18)
1395 3499 1513 3551 “fixere
1535 3502 1655 3551 tentoria

909 3573 940 3622 in
958 3571 1054 3624 Dibon
1067 3571 1128 3624 Gad
1144 3579 1159 3602 ⁴³
1181 3571 1246 3639 (Nm
1270 3572 1370 3638 33,15)
1391 3580 1406 3601 “
1420 3581 1515 3622 contra
1530 3571 1655 3622 Arnon...

910 3643 1049 3708 siquidem
1067 3643 1165 3694 Arnon
1183 3645 1319 3694 terminus
1335 3642 1420 3694 Moab
1434 3641 1561 3694 dividens
1580 3641 1655 3692 Moa-

910 3714 983 3765 bitas
1000 3726 1029 3765 et
1046 3713 1233 3765 Amorrhaeos
1252 3723 1267 3744 '³
1297 3713 1362 3782 (Nm
1391 3715 1434 3773 21,
1455 3714 1508 3780 11).
1537 3722 1553 3743 “
1573 3713 1654 3764 Unde

909 3787 1010 3850 egressi
1029 3787 1215 3836 castrametati
1234 3787 1346 3836 suntin
1365 3784 1488 3835 Helmon
1514 3787 1560 3852 (z
1578 3785 1656 3835 Baal-

909 3874 994 3907 maon
1014 3855 1058 3924 (?))
1079 3865 1121 3907 ³³...
1140 3856 1243 3907 deinde
1255 3857 1292 3907 ad
1304 3868 1412 3907 montes
1426 3855 1542 3912 Abarim
1557 3866 1586 3906 et
1597 3868 1655 3906 tan·

910 3927 974 3978 dem
993 3927 1028 3979 ad
1057 3929 1221 3993 campestria
1250 3926 1334 3979 Moab
1357 3927 1488 3993 “ibique
1512 3938 1655 3978 castrame-

909 4001 960 4049 tati
979 4011 1043 4049 sunt
1062 3998 1097 4050 de
1116 3998 1293 4050 Bethsimoth
1312 4017 1401 4064 usque
1420 3997 1455 4048 ad
1468 3997 1621 4049 Abelsatim
1639 4015 1655 4026 ·’

911 4069 975 4136 (Nm
998 4070 1040 4131 ss,
1060 4071 1115 4136 19).
