3494 5142
785 845 882 897 Curua
901 846 922 896 Ι.

538 975 678 1047 asra
720 946 1180 1046 OCCIDENTALIS

84 1311 102 1345 l.
120 1310 277 1348 l'llssliMthl.
288 1333 314 1339 -
325 1313 344 1348 2.
360 1311 440 1348 astas
454 1309 623 1348 ANTERIORIS
637 1307 825 1347 OROGRAPHIA
838 1310 873 1346 ET
886 1309 1121 1348 HYDROGRAPHIA.
1132 1333 1158 1340 -
1169 1313 1189 1348 3.
1206 1311 1378 1364 aqualata*
1388 1314 1408 1348 l.
1423 1311 1632 1352 ΜΕΘΟΡΟΤΔΜῙΑ.

364 1383 384 1420 5.
399 1381 522 1419 ASSYlllA.
536 1403 564 1410 -
578 1382 598 1419 ⁶.
615 1381 776 1422 BABYLONIA
790 1381 824 1418 ET
838 1381 996 1418 CHALDAEA.
1012 1402 1038 1409 —
1054 1381 1073 1418 7.
1084 1381 1179 1419 MEDIA
1194 1382 1229 1420 ET
1241 1382 1342 1420 PERSIS.

120 1545 143 1592 l.
167 1543 273 1594 Tabula
300 1545 389 1609 prima
416 1542 494 1593 illam
521 1536 632 1608 partem
657 1542 740 1594 Asiae
762 1545 831 1593 occi·
853 1547 857 1647 )

81 1613 202 1665 dentalis
219 1615 359 1679 exprimit,
372 1631 444 1679 quae
462 1613 622 1665 extenditur
640 1631 656 1664 a
676 1613 724 1664 300
743 1613 830 1678 gradu

81 1685 265 1750 longitudinis
290 1685 433 1736 orientalis
460 1684 624 1737 Greenwich
651 1683 686 1736 ad
706 1683 783 1735 stum
802 1695 830 1735 et

81 1775 97 1807 a
110 1758 159 1807 240
178 1755 214 1807 ad
233 1756 313 1806 40um
331 1756 447 1820 gradum
469 1756 628 1808 latitudinis
653 1754 782 1815 borealis,
801 1768 829 1806 et

81 1828 198 1879 resumit
224 1838 315 1878 totum
343 1826 400 1878 lere
421 1827 561 1878 theatrum
590 1827 701 1878 divinae
728 1826 829 1878 revela·

81 1899 167 1950 tionis
185 1909 213 1948 et
231 1897 372 1950 historiae.

117 1969 227 2022 Etenim
246 1970 276 2019 in
295 1980 420 2021 extremo
449 1971 638 2035 septentrione
661 1969 829 2021 describitur

80 2041 222 2100 Armenia,
241 2058 312 2106 quae
330 2051 444 2106 propter
469 2050 601 2105 quattuor
619 2039 735 2092 flumina
756 2041 829 2107 prin·

80 2111 223 2178 cipaliora,
254 2129 327 2177 quae
357 2112 387 2162 iu
415 2129 447 2162 ea
480 2121 564 2177 caput
594 2111 708 2171 habent,
727 2129 827 2177 nempe

80 2181 242 2248 Euphraten
261 2193 289 2234 et
306 2182 411 2247 Tigrim
432 2181 477 2250 (cf.
503 2181 548 2234 Gn
567 2183 592 2244 2,
612 2183 666 2250 14),
684 2182 788 2234 Phasin
800 2193 829 2232 et

80 2254 200 2313 Araxen,
231 2253 399 2319 quibuscum
436 2264 633 2319 comparantur
663 2253 769 2305 Phison
800 2264 827 2304 et

80 2323 182 2376 Gehon
193 2324 242 2392 (ib.
262 2325 287 2385 2,
303 2325 345 2384 11,
359 2325 413 2392 13),
426 2326 486 2376 visa
498 2336 541 2376 est
552 2342 568 2375 a
580 2323 725 2376 nonnullis
739 2325 828 2391 prima

81 2395 160 2447 sedes
177 2397 285 2460 generis
304 2394 429 2456 humani,
454 2397 485 2447 in
509 2413 597 2462 eaque
616 2397 685 2447 situs
703 2395 828 2447 Paradisi

63 2467 217 2518 ,terrestris
235 2467 377 2532 quaesitus
398 2477 440 2518 est
454 2466 471 2517 ¹.
490 2466 600 2518 Montes
619 2477 713 2518 autem
734 2466 828 2518 Arme·

79 2539 152 2598 niae,
185 2548 215 2589 et
241 2539 314 2588 inter
347 2555 395 2588 eos
423 2539 586 2604 praesertim
608 2537 728 2598 ,Ararat,
756 2554 828 2588 com-

81 2611 202 2660 muniter
229 2608 409 2674 designantur
430 2621 572 2674 tamquam
590 2608 669 2660 locus
688 2609 738 2660 ubi
756 2608 828 2659 Arca

80 2680 141 2731 Nos
159 2691 223 2745 post
241 2679 379 2731 diluvium
400 2681 546 2745 requievit,
573 2690 601 2731 et
627 2679 703 2731 uude
730 2691 828 2747 coepta

80 2762 122 2802 est
140 2768 212 2802 nova
231 2749 348 2802 humani
366 2752 473 2815 generis
492 2751 648 2817 procreatio
668 2750 714 2818 (cf.
733 2750 778 2802 Gn
802 2751 827 2810 8,

80 2825 189 2873 lete..

116 2892 149 2943 In
162 2823 280 2944 rireridie
292 2903 386 2954 autem
398 2895 569 2960 conspicitur
582 2896 651 2945 situs
663 2910 722 2944 non
742 2893 827 2944 modo

79 2964 193 3015 urbium
212 2963 348 3029 Babylon,
374 2964 476 3025 Araeh,
503 2963 601 3017 Achad
624 2975 657 3021 ‚et
684 2963 827 3016 Chalanne

80 3037 109 3084 in
127 3046 201 3087 terra
219 3035 342 3087 Sennaar
361 3035 417 3103 (Gn
441 3037 483 3098 10,
495 3037 549 3104 10),
561 3037 731 3102 principium
749 3036 827 3102 regni
865 3069 867 3076 ι

80 3105 213 3166 Nemrod‚
240 3118 268 3158 et
297 3108 373 3171 regio
392 3107 442 3158 ubi
469 3107 597 3158 confirsio
624 3107 783 3172 linguarum
799 3117 828 3158 et

79 3177 216 3243 dispersio
234 3177 404 3243 populorum
423 3177 495 3230 facta
519 3189 561 3229 est
581 3178 693 3246 (ib.=11,
714 3178 759 3245 1);
778 3177 826 3228 sed

80 3247 221 3299 Chaldaea
239 3251 400 3314 quoque‚in
419 3268 473 3315 qua
492 3260 535 3300 est
553 3249 594 3301 Ur
605 3272 642 3296 z
655 3247 829 3314 el·Mugbcir

80 3329 96 3349 “
116 3330 189 3381 terra
207 3320 361 3371 nativitatis
380 3328 396 3350 ”
415 3320 545 3372 Abrahae
559 3323 646 3387 patris
665 3329 681 3351 ‘⁶
700 3320 840 3371 omnium*

79 3390 255 3442 credentium
274 3398 289 3420 '²
317 3389 381 3458 (Bm
409 3392 434 3452 4,
455 3392 509 3458 11),
536 3393 617 3442 cuius
644 3392 772 3456 migratio
797 3392 826 3440 in

81 3461 175 3512 Haran
193 3472 230 3520 et,
253 3473 365 3513 mortuo
393 3473 479 3528 patre,
508 3462 625 3528 Deoque
651 3473 778 3522 vocante,
796 3463 826 3512 in

79 3544 180 3583 terram
206 3531 347 3593 Chanaau,
365 3535 479 3584 initium
494 3533 622 3584 estillius
636 3544 827 3597 eventusque

79 3616 151 3655 terra
158 3602 389 3655 Chananaeorum
399 3604 472 3656 facta
481 3616 523 3656 est
532 3616 605 3656 terra
611 3605 826 3670 promissionum

79 3686 107 3725 et
126 3686 200 3726 terra
219 3686 313 3726 sancta
331 3693 382 3741 per
400 3677 630 3727 antonomasiam.

114 3745 189 3797 Huic
207 3757 301 3797 autem
319 3757 409 3798 terrae
428 3748 602 3798 contermina
624 3757 666 3798 est
677 3745 826 3810 Aegyptus,

78 3835 159 3881 quae,
169 3817 221 3868 etsi
230 3819 400 3883 principium
418 3817 538 3878 Africae,
556 3817 592 3869 ab
610 3818 733 3882 antiquis
744 3816 827 3867 Asiae

8 3894 17 3955 ζ
78 3887 254 3947 adscribitur,
264 3889 380 3953 eiusque
398 3888 515 3940 historia
533 3907 598 3940 cum
616 3889 732 3940 historia
751 3905 827 3938 sacra

78 3961 177 4010 intime
205 3958 352 4010 cohaeret:
379 3959 434 4010 fuit
461 3962 537 4011 enim
563 3972 637 4011 terra
661 3959 712 4010 ubi
741 3958 826 4010 Israel

78 4031 166 4080 crevit
183 4032 213 4080 in
232 4030 377 4096 populum,
395 4030 587 4097 palaestraque
612 4033 643 4082 in
661 4049 716 4096 qua
736 4029 772 4080 ad
791 4031 826 4080 ci-

79 4100 163 4152 vilem
180 4102 268 4151 vitam
288 4119 347 4152 sese
366 4104 550 4168 praeparavit.
588 4139 593 4150 .

113 4171 200 4237 Regio
219 4182 313 4223 autem
332 4173 424 4224 media
439 4184 467 4224 et
486 4173 629 4224 orientalis
645 4173 726 4223 istius
743 4171 826 4222 Asiae
850 4172 853 4237 l

78 4244 164 4307 partis
181 4261 214 4294 ea
233 4253 275 4294 est
292 4244 323 4293 in
341 4261 396 4310 qua
415 4255 548 4310 quattuor
578 4244 760 4310 imperiorum
779 4242 827 4293 As·
851 4261 854 4328 q

78 4315 223 4376 syriorum,
245 4313 491 4379 Babylonensium,
510 4315 595 4367 Medo
613 4315 780 4366 ·Persarum
798 4325 826 4365 et
851 4331 853 4359 ι

77 4384 248 4436 Graecorum
279 4385 395 4437 historia
426 4387 573 4446 evolvitur,
604 4404 676 4451 quae
710 4384 825 4451 quidem
851 4377 854 4432 l

78 4456 193 4507 historia
211 4455 393 4508 multifariam
412 4457 511 4523 populi
536 4457 590 4508 Dei
608 4456 741 4508 historiae
759 4457 827 4506 inte·
851 4457 854 4504 l

77 4537 142 4587 rest,
160 4544 217 4577 non
244 4527 329 4579 modo
357 4529 425 4593 quia
453 4530 488 4580 iis
517 4529 644 4595 imperiis
673 4544 826 4592 eorumque
851 4540 854 4592 j

105 4635 112 4662 ¹
124 4633 185 4670 iuxta
195 4633 247 4670 alios
255 4633 366 4672 Paradisus
373 4635 475 4672 terrestris
489 4635 620 4685 quaerendus
629 4645 661 4674 est
667 4637 705 4674 ubi
713 4635 828 4687 Euphrates

77 4695 98 4723 ot
106 4686 174 4735 Tigris
185 4686 348 4726 coalescentibus
358 4689 380 4724 in
387 4701 452 4726 unum
461 4688 570 4726 efformant
576 4687 639 4726 stau
646 4689 752 4728 al-'Arub.
758 4689 827 4728 Gihon

76 4747 145 4776 autem
159 4747 181 4777 et
194 4739 273 4778 Phison
286 4742 385 4778 dicuntur
397 4754 410 4778 e
423 4750 494 4779 contra
503 4743 547 4779 duo
556 4741 642 4784 fluenta,
656 4743 678 4780 in
692 4755 746 4793 quse
759 4743 828 4794 ipsum

77 4793 141 4830 Sbutt
154 4792 253 4830 el-'Arub
267 4794 369 4832 dividitur
382 4802 494 4844 antequam
507 4795 534 4832 ad
549 4807 606 4832 mare
619 4797 734 4844 perveniat.

887 1541 1006 1594 ducibus
1025 1559 1082 1593 non
1107 1542 1192 1594 semel
1220 1542 1296 1594 Deus
1324 1561 1390 1595 usus
1421 1556 1462 1596 est
1488 1556 1630 1610 tamquam

886 1612 1002 1678 flagellis
1020 1624 1049 1664 et
1066 1613 1142 1678 virga
1160 1624 1192 1664 ut
1210 1616 1362 1679 corriperet
1384 1626 1413 1666 et
1431 1615 1466 1666 ad
1485 1615 1629 1668 meliorem

885 1684 993 1749 frugem
1016 1683 1162 1754 reduceret
1180 1684 1315 1751 populum
1335 1703 1416 1737 suum
1436 1685 1482 1753 (cl.
1501 1685 1528 1737 Is
1559 1687 1631 1748 10,5

885 1756 982 1822 seqq.);
1001 1755 1050 1807 sed
1069 1757 1153 1807 etiam
1172 1757 1238 1821 quia
1256 1775 1306 1822 per
1318 1756 1415 1808 eadem
1425 1758 1541 1823 imperia
1555 1757 1631 1808 orbis

884 1828 1030 1878 universus
1049 1838 1227 1892 praeparatus
1245 1839 1287 1879 est
1304 1829 1384 1893 quasi
1407 1846 1458 1894 per
1475 1827 1576 1893 gradus
1594 1828 1631 1880 ad

884 1916 989 1949 novum
1008 1897 1089 1949 illum
1099 1897 1236 1959 ordinem,
1248 1900 1297 1964 qui
1310 1899 1452 1964 religionis
1462 1899 1630 1952 christianae

884 1967 1135 2034 promulgationem
1153 1987 1185 2020 ac
1198 1968 1377 2027 diffusionem
1390 1970 1553 2036 possibilem
1572 1971 1632 2022 red·

884 2038 957 2091 didit
975 2051 1004 2090 et
1021 2041 1170 2105 promovit.

919 2146 944 2197 2.
964 2144 1082 2206 Interea,
1099 2147 1214 2198 remissa
1231 2147 1396 2197 tractatione
1418 2146 1452 2198 de
1478 2147 1577 2198 ceteris
1596 2149 1631 2198 ad

883 2218 974 2282 capita
992 2216 1153 2283 peculiaria,
1173 2216 1220 2267 hic
1247 2216 1420 2268 enucleatius
1448 2217 1631 2270 describimus

883 2305 945 2339 eam
963 2298 1072 2339 tantum
1090 2289 1233 2353 regionem
1260 2306 1333 2353 quae
1350 2290 1488 2340 orientem
1506 2300 1535 2340 et
1552 2291 1631 2341 meri·

883 2359 959 2410 diem
976 2375 1071 2410 versus
1089 2359 1257 2419 extenditur,
1275 2377 1416 2431 quamque
1435 2371 1532 2412 contra
1556 2363 1632 2426 aqui-

883 2430 977 2481 lonem
996 2431 1083 2495 cingit
1098 2430 1205 2481 Taurus
1236 2432 1312 2482 etin
1330 2430 1399 2482 duas
1426 2431 1515 2483 veluti
1538 2443 1631 2497 partes

838 2519 840 2524 ·
883 2500 985 2553 dividit
1003 2499 1105 2566 Zagrus
1124 2519 1213 2561 mons,
1231 2503 1281 2567 qui
1299 2501 1476 2568 protenditur
1500 2504 1530 2553 in
1552 2504 1631 2554 meri·
1659 2554 1661 2562 ,
1697 2553 1700 2558 .

883 2572 959 2624 diem
970 2590 1085 2637 vergens
1103 2571 1139 2623 ad
1158 2571 1225 2624 solis
1243 2584 1336 2624 ortum
1354 2574 1474 2625 etcuius
1498 2591 1562 2639 pars
1586 2592 1631 2625 an-

883 2645 977 2703 terior,
990 2661 1045 2708 qua
1063 2645 1239 2695 connectitur
1257 2661 1321 2694 cum
1337 2644 1431 2696 Tauro
1451 2656 1479 2696 et
1498 2644 1630 2704 Caucaso,

877 2713 1026 2775 Choatras,
1044 2732 1107 2780 pars
1117 2731 1183 2765 vero
1195 2716 1341 2780 posterior,
1359 2733 1414 2780 qua
1427 2727 1505 2781 parte
1521 2717 1631 2782 attingit

883 2785 1035 2846 Persidem,
1053 2785 1251 2843 Parachoatras
1269 2785 1434 2852 appellatur.

918 2856 959 2907 Ex
971 2856 1063 2908 Tauro
1075 2868 1169 2908 autem
1188 2868 1267 2908 etex
1285 2868 1380 2908 monte
1397 2857 1485 2924 Zagro
1504 2857 1630 2909 defluunt

882 2929 1032 2994 praecipua
1057 2927 1182 2988 flumina,
1209 2945 1281 2993 quae
1309 2930 1467 2981 universam
1489 2931 1629 2994 regionem

882 3000 998 3064 irrigant
1025 3011 1053 3050 et
1080 2998 1241 3060 fecundant,
1271 3010 1299 3052 et
1326 2999 1472 3052 tributaria
1494 3011 1560 3052 sunt
1585 3001 1630 3051 vel

882 3072 965 3122 maris
995 3069 1088 3136 Caspi
1110 3088 1160 3122 seu
1178 3069 1301 3135 Hyrcani
1319 3070 1363 3122 vel
1385 3073 1462 3123 sinus
1483 3071 1595 3123 Persici.

918 3141 995 3193 Inter
1013 3142 1119 3207 priores
1136 3141 1172 3192 ab
1198 3142 1320 3206 antiquis
1348 3142 1530 3209 scriptoribus
1557 3158 1631 3193 reco-

882 3211 997 3264 luatur:

935 3285 962 3351 a)
981 3282 1086 3334 Araxes
1118 3294 1210 3334 ortum
1229 3283 1336 3335 habens
1363 3285 1393 3335 in
1422 3284 1554 3336 Armenia
1572 3301 1630 3334 non

882 3352 964 3420 longe
983 3373 999 3406 a
1018 3354 1144 3406 lontibus
1157 3353 1313 3421 Euphratis.
1327 3354 1361 3406 'ln
1371 3357 1463 3421 primo
1476 3373 1527 3406 suo
1539 3366 1630 3406 tractu

882 3437 996 3484 vocatus
1013 3436 1056 3477 est
1068 3427 1152 3477 etiam
1162 3426 1259 3478 Phasis
1271 3425 1463 3494 (Xenophons,
1480 3425 1631 3486 Anabasis,

883 3495 930 3557 IV,
948 3496 973 3556 6,
992 3497 1030 3564 4),
1057 3497 1087 3547 in
1115 3507 1239 3548 extremo
1267 3515 1345 3558 vero,
1369 3509 1518 3564 postquam
1548 3496 1630 3562 afluit

883 3566 1056 3620 Mantianam
1081 3569 1232 3632 regionem,
1260 3570 1438 3634 coniungitur
1465 3587 1529 3620 cum
1557 3567 1630 3633 Cyro

883 3637 998 3690 flumine
1017 3638 1094 3705 quod
1113 3650 1155 3690 est
1173 3638 1379 3691 nobilissimum
1398 3657 1433 3691 ex
1451 3640 1495 3691 his
1510 3657 1581 3704 quae
1595 3639 1630 3690 de

883 3709 1007 3762 Caucaso
1026 3709 1062 3761 ad
1081 3727 1157 3761 mare
1176 3709 1309 3776 Caspium
1327 3722 1484 3777 properant.

936 3780 966 3848 b)
988 3781 1137 3842 Amardus,
1154 3783 1204 3846 qui
1217 3783 1306 3834 oritur
1317 3783 1347 3833 in
1363 3781 1506 3833 montibus
1519 3780 1629 3832 Mediae

882 3853 1075 3918 Atropatenes,
1102 3863 1131 3906 et
1156 3852 1351 3911 Amardorum,
1370 3853 1507 3918 aquibus
1526 3869 1628 3903 nomen

882 3925 992 3989 accipit,
1009 3925 1151 3988 regionem
1170 3925 1273 3988 irrigat.

918 3993 952 4046 In
971 3997 1064 4046 sinum
1092 3995 1234 4046 Persicum
1253 4013 1319 4046 vero
1338 3994 1490 4046 decurrunt
1508 3993 1630 4060 Euphra-

882 4077 924 4116 tes
954 4077 982 4117 et
1000 4066 1097 4131 Tigris,
1128 4067 1363 4131 praestantissima
1391 4069 1477 4118 totius
1507 4065 1629 4116 Orientis

882 4135 1007 4188 flumina.

918 4207 1073 4273 Euphrates
1087 4217 1103 4238 “
1116 4226 1231 4274 magnus
1244 4208 1345 4260 fluvius
1358 4215 1373 4238 '³
1388 4208 1444 4276 (Gn
1467 4207 1509 4269 15,
1522 4209 1554 4258 18
1567 4211 1629 4273 etc.)

881 4278 926 4330 vel
959 4279 1124 4346 simpliciter
1152 4288 1168 4310 “
1186 4279 1289 4331 fluvius
1307 4287 1323 4309 ³³
1353 4279 1409 4347 (Gn
1439 4281 1482 4340 31,
1511 4280 1543 4330 21
1564 4282 1627 4340 etc.)

883 4349 982 4411 dictus,
1001 4362 1094 4402 ortum
1105 4350 1190 4402 habet
1201 4352 1232 4401 in
1246 4350 1389 4402 montibus
1401 4350 1559 4411 Armeniae,
1571 4349 1630 4409 ubi,

882 4440 969 4487 prope
997 4422 1161 4473 Melitenem
1181 4430 1197 4453 ‘⁴
1207 4433 1291 4488 caput
1308 4421 1456 4474 Armeniae
1475 4423 1591 4474 minoris
1606 4429 1630 4480 ³³,

882 4493 1102 4545 coalescentibus
1113 4494 1143 4543 in
1156 4511 1244 4544 unum
1257 4492 1398 4558 Euphrate
1415 4492 1582 4544 occidentali
1595 4514 1630 4538 ε

883 4564 1056 4618 Kato-suet
1074 4564 1214 4630 Euphrate
1234 4563 1363 4614 orientali
1372 4563 1418 4615 vel
1429 4563 1546 4615 Arsania
1567 4563 1631 4630 (Pli-

884 4636 956 4696 nius,
984 4633 1020 4686 H.
1048 4635 1084 4688 N.
1114 4635 1148 4695 V,
1167 4635 1211 4704 24)
1241 4655 1277 4681 =
1304 4635 1463 4693 Marad-su,
1482 4635 1581 4685 crescit
1599 4636 1627 4683 in

884 4723 1015 4771 magnum
1033 4705 1146 4757 flumen.
1161 4705 1206 4757 Sic
1218 4705 1379 4756 efformatus
1387 4705 1542 4771 perrumpit
1560 4705 1629 4755 Tau-

885 4795 946 4828 rum
966 4787 1090 4829 monte'm
1110 4788 1137 4827 ct
1155 4779 1228 4828 viam
1247 4775 1300 4827 sibi
1319 4776 1417 4841 pandit
1436 4791 1531 4826 versus
1550 4777 1629 4824 meri-

671 4895 905 4990 550722
