3494 5142
777 179 900 232 ..23-

113 359 151 426 m)
182 359 265 426 Porta
290 375 426 424 equorum
450 359 502 410 sita
527 359 558 409 in
582 356 683 423 angulo
706 368 810 410 austro·

51 429 192 480 orientali
210 447 290 481 areae
308 429 406 497 templi
420 429 461 497 (16
473 429 516 490 31,
528 430 583 496 40),
593 447 643 496 666
655 447 739 495 quam
752 441 811 481 6661

51 519 203 554 accessum
223 500 258 552 66
277 501 393 552 domum
410 501 482 566 regis
502 501 528 568 (2
547 501 600 552 Par
619 501 662 562 23,
683 501 736 568 15).

117 575 147 640 6)
169 573 252 624 Ρο616
271 571 414 623 6616616116
432 582 461 623 61

114 645 143 710 ο)
164 655 244 710 66616
255 643 396 695 1661616116
410 657 551 695 accessum
570 645 667 698 dantes
683 661 717 696 ex
729 661 810 694 muro

52 716 195 782 exteriori
212 715 248 767 ad
265 732 359 768 aream
382 714 490 780 templi.

94 786 123 838 A
142 785 263 852 Iosepho
282 798 516 839 commemoratur
540 797 681 854 praeterea
705 795 720 818 ‘⁶
739 806 810 854 quae

53 867 160 910 eontra
178 869 391 912 monumentum
404 857 530 910 Helenae
539 869 619 925 porta
637 870 679 910 est
692 867 708 888 ”
729 859 810 928 (Bell.

52 929 80 980 Ι.
101 927 137 990 V,
157 929 182 990 2,
197 931 236 997 2)
256 930 408 995 pertinens,
426 940 459 981 ut
484 930 604 990 videtur,
634 929 669 980 ad
697 933 811 982 tertium

54 1018 184 1052 murum.

94 1071 199 1124 Turres
217 1083 311 1123 autem
329 1088 401 1138 quae
419 1072 581 1124 recoluntur
600 1085 694 1136 sunt:¹

116 1145 145 1210 a)
166 1141 261 1194 Turris
273 1154 386 1194 eentum
405 1143 564 1196 cubitorum
583 1145 608 1211 (2
628 1145 664 1196 Ε6
678 1145 703 1205 3,
722 1146 747 1212 1)
766 1143 811 1194 vel

55 1213 164 1265 Emath
184 1213 232 1282 (ib.
253 1215 296 1274 12,
315 1215 358 1283 38)
380 1227 408 1267 et

116 1284 144 1353 b)
166 1287 249 1338 turris
268 1285 413 1338 Hananeel
442 1286 483 1354 (16
497 1287 538 1347 31,
559 1288 610 1348 38;
629 1287 666 1338 Ζ6
689 1288 732 1347 14,
758 1286 811 1353 10).

56 1357 189 1422 Utraque
225 1368 284 1408 erat
315 1359 346 1408 in
376 1359 587 1424 septentrionali
626 1359 705 1425 plaga
732 1374 811 1424 66666

55 1427 163 1493 templi
180 1428 216 1480 ad
235 1428 368 1494 angulum
387 1429 597 1486 occidentalem.

116 1501 142 1566 6)
163 1500 258 1550 Τ66616
276 1498 423 1552 furnorum
442 1518 528 1568 prope
550 1513 659 1567 portam
684 1500 763 1552 vallis
784 1501 810 1566 (2

60 1569 101 1621 Ε6
121 1571 146 1630 3,
167 1572 221 1622 11.

117 1641 147 1708 6)
166 1650 182 1673 “
200 1573 296 1698 'i'urris
315 1660 386 1708 quae
405 1645 510 1695 eminet
525 1643 560 1694 de
575 1643 659 1696 domo
670 1644 748 1708 regis
766 1660 811 1694 ex·

57 1711 173 1834 3616116111
193 1714 219 1784 (2
239 1712 275 1764 Es
294 1713 319 1775 3,
338 1715 427 1783 25-27)
447 1727 476 1768 61
493 1732 565 1782 quae
590 1727 649 1766 6661
676 1717 715 1780 in¹
731 1731 811 1764 muro

88 1802 108 1850 p
131 1802 168 1838 e.

117 1863 145 1931 7)
165 1863 261 1915 Turris
279 1865 309 1914 in
328 1863 402 1916 silos
420 1883 492 1930 quae
511 1865 612 1916 cadens
641 1865 744 1917 occidit
768 1864 812 1914 de·

60 1952 126 1985 cem
145 1945 174 1985 et
192 1946 256 1987 octo
274 1934 409 1987 homines·
422 1935 470 2004 (Le
490 1937 532 1997 13,
550 1938 588 2004 4).
607 1937 751 1988 Ρ66616666
774 1934 811 1986 16-

59 2007 139 2070 gitur
157 2004 239 2058 Ozias
257 2024 306 2058 rex
325 2015 341 2038 ‘⁴
360 2018 476 2060 166666...
496 2025 579 2075 66666
597 2019 705 2074 portam
718 2006 813 2071 anguli

60 2087 92 2127 et
111 2093 195 2143 super
211 2089 320 2144 portam
342 2078 423 2130 vallis
451 2089 480 2130 et
505 2079 628 2145 reliquas
656 2081 686 2130 in
713 2078 812 2130 eodem

59 2149 139 2199 muri
163 2147 249 2201 latere
269 2157 284 2179 '⁶
303 2149 463 2202 aedificasse
493 2151 519 2218 (2
550 2150 603 2201 Par
630 2151 675 2211 26,
701 2151 726 2210 9,
750 2150 812 2216 15);

60 2218 198 2271 Ezechias
234 2229 250 2251 ‘⁶
277 2231 367 2272 turres
403 2221 523 2289 desuper
559 2240 670 2274 omnem
701 2239 813 2272 murum

60 2292 115 2356 qui
142 2290 241 2342 fuerat·
260 2292 409 2358 dissipatus
428 2300 444 2323 ³³
465 2293 491 2360 (2
511 2293 565 2344 Par
594 2293 637 2354 32,
665 2293 691 2360 5)
724 2304 813 2344 extru-

60 2363 150 2413 xisse:
162 2363 266 2428 pariter
278 2361 350 2414 Iuda
359 2362 545 2416 Machabaeus
558 2363 745 2416 aedificavisse
758 2365 812 2414 “ei-

60 2434 180 2484 vitatem
198 2433 289 2486 David
311 2452 392 2486 muro
410 2453 509 2500 magno
528 2447 557 2486 61
578 2433 659 2486 firmo
681 2448 709 2486 et
734 2437 813 2486 turri·

62 2505 118 2554 bus
137 2503 224 2556 firmis
243 2513 259 2534 '³
290 2507 314 2573 (1
335 2505 381 2557 Μ6
402 2507 426 2567 l,
446 2506 490 2573 35)
516 2518 545 2559 et
569 2514 585 2538 ‘⁴
604 2518 728 2558 montem
746 2505 813 2558 Sion

61 2587 93 2626 et
110 2593 161 2641 per
179 2577 328 2627 circuitum
346 2594 440 2628 muros
458 2577 530 2630 altos
543 2589 572 2630 et
585 2590 675 2630 turres
687 2577 780 2629 firmas
797 2585 812 2608 ³³

64 2648 91 2715 (1
113 2646 160 2698 Mc
179 2649 205 2708 4,
224 2647 268 2714 60)
289 2657 344 2702 ete:

100 2724 173 2776 Item
192 2723 329 2790 Iosephus
357 2726 439 2795 (Bell.
466 2727 489 2779 Ι.
507 2726 541 2788 V,
560 2729 586 2787 4,
606 2727 621 2778 3
642 2738 671 2789 61
698 2726 811 2793 passim)

61 2807 159 2847 narrat
169 2797 199 2846 16
213 2798 296 2847 166116
308 2815 388 2849 muro
401 2799 539 2850 exstitisse
551 2799 702 2864 nonaginta
714 2809 813 2858 turres,

61 2870 137 2919 inter
150 2885 220 2933 quas
229 2879 334 2920 turrem
352 2868 502 2921 mulierum
520 2870 597 2921 haud
609 2869 691 2935 longe
705 2887 720 2920 a
733 2879 813 2935 porta

62 2938 286 3005 septentrionali,
298 2951 404 2992 turrem
416 2939 552 2992 Stratonis
564 2943 595 2993 in
608 2959 671 2993 arce
681 2940 813 3001 Antonia;

62 3009 238 3077 Psephinum
264 3013 295 3062 in
322 3011 424 3077 angulo
445 3014 518 3066 inter
546 3014 765 3078 septentrionem
785 3022 813 3062 et

62 3093 245 3137 occasumet
263 3093 318 3134 tres
336 3094 426 3134 turres
444 3085 474 3134 in
493 3083 556 3135 aula
583 3085 656 3149 regia
682 3083 813 3149 Hippico,

63 3152 221 3204 Mariamne
239 3163 267 3204 et
289 3153 418 3206 Phasasli
441 3155 555 3206 dicatas.

102 3277 127 3328 5.
152 3275 355 3328 Α66161611.-
368 3277 469 3330 Arcem
480 3279 678 3332 lebusaeorum
693 3279 813 3345 ideoque

64 3347 132 3400 Sion
145 3359 174 3399 et
185 3349 326 3400 civitatem
339 3349 429 3400 David
440 3351 466 3418 (2
477 3345 519 3416 Rg
530 3351 555 3411 5,
565 3352 591 3419 7)
603 3350 689 3402 fuisse
701 3352 732 3401 in
741 3350 813 3402 colle

64 3419 196 3470 orientali
215 3421 386 3472 conveniunt
403 3420 461 3472 fere
480 3439 576 3473 omnes
590 3423 767 3482 recentiores,
786 3433 814 3473 et

63 3490 119 3542 hoc
130 3491 203 3542 bene
221 3493 349 3557 congruit
361 3509 425 3543 cum
444 3494 479 3543 iis
492 3510 563 3558 quae
579 3492 719 3558 Scriptura
738 3510 814 3545 66666

63 3562 151 3614 refert
169 3562 204 3613 de
223 3562 355 3632 Sioans
374 3557 418 3623 47,
439 3565 500 3624 l·3;
519 3564 546 3615 Is
566 3565 608 3625 24,
625 3565 678 3625 23;
698 3565 711 3614 1
732 3563 778 3615 Mc
788 3567 814 3625 4,

65 3634 109 3694 36,
129 3634 161 3684 31
182 3634 256 3700 ete),
276 3633 311 3684 de
337 3635 449 3686 civitate
468 3629 559 3687 Davi'd
580 3637 605 3703 (3
626 3635 668 3702 Rg
696 3636 721 3696 8,
741 3636 766 3703 1)
786 3647 815 3688 61

64 3704 204 3756 dedomo
223 3705 313 3756 David
345 3705 371 3774 (2
399 3705 442 3771 Rg
469 3707 574 3767 24,10,
596 3708 645 3767 19;
670 3706 705 3757 cf.
734 3707 750 3756 2
778 3706 814 3758 Ea

67 3777 109 3837 12,
129 3777 228 3843 31-40),
247 3777 282 3827 66
301 3775 396 3828 Gihon
408 3778 434 3845 (2
448 3777 501 3829 Ρ66
514 3779 556 3838 32,
571 3779 614 3845 30)
630 3789 691 3838 etc,
704 3795 814 3829 necnon

65 3865 129 3898 eum
148 3847 183 3898 iis
201 3865 272 3914 quae
283 3847 475 3913 archaeologia
493 3860 521 3900 et
538 3848 721 3916 topographia
739 3867 814 3900 sacra

65 3936 116 3968 nos
136 3916 246 3971 docent.
265 3918 375 3970 Idcirco
393 3919 423 3969 in
445 3920 544 3972 eodem
572 3920 644 3972 colle
672 3920 757 3972 fuisse
776 3939 814 3972 se·

65 3989 162 4055 pulcra
180 3989 271 4040 David
290 4001 319 4041 et
336 4007 433 4055 regum
452 3990 522 4042 Iuda
543 3992 568 4058 (3
594 3991 636 4056 Rg
656 3992 681 4052 2,
701 3993 751 4051 10;
772 3994 814 4052 ll,

67 4061 109 4120 27,
128 4061 181 4121 43;
203 4062 244 4121 14,
264 4061 296 4111 31
316 4059 383 4128 616.)
401 4061 516 4113 domum
544 4061 659 4113 fortium
689 4063 715 4130 (2
735 4062 770 4113 Es
789 4064 814 4123 3,

69 4131 110 4200 16)
140 4143 168 4183 61
195 4133 440 4183 armamentarium
462 4134 561 4184 domus
589 4134 674 4184 saltus
703 4132 741 4201 (Ι6
771 4135 815 4194 22,

68 4204 93 4270 8)
112 4205 216 4269 pariter
229 4202 459 4255 eredendumest.
473 4204 619 4256 Praeterea
638 4203 814 4256 Salomonem

66 4276 168 4339 regiam
181 4292 260 4326 suam
270 4273 376 4326 ibidem
386 4274 545 4327 aedificasse
558 4288 586 4327 et
596 4275 710 4327 domum
729 4277 814 4328 saltus

68 4345 166 4396 Libani
184 4346 327 4397 cedrinam
341 4347 367 4413 (3
381 4345 424 4410 Rg
437 4347 462 4406 7,
477 4347 532 4414 1-6)
549 4358 578 4399 61
602 4346 716 4399 domum
735 4346 814 4399 ,61166

66 4415 218 4467 Pharaonis
233 4418 258 4485 (2
278 4417 332 4467 Par
351 4418 376 4477 8,
398 4419 441 4484 11)
462 4435 559 4469 omnes
577 4417 742 4470 concedunt.
762 4419 814 4470 Α6-

68 4486 192 4538 dificium
222 4499 316 4540 tamen
346 4490 528 4554 praecipuum
559 4488 638 4560 collis
672 4489 815 4541 orientalis

67 4561 182 4624 eiusque
201 4558 467 4625 principalissimum
491 4559 575 4612 decor
596 4559 650 4611 1611
678 4560 814 4626 templum

67 4630 191 4680 Domini.

101 4700 146 4750 Ad
165 4700 237 4752 illud
256 4703 441 4754 extruendum
454 4701 545 4753 David
558 4715 701 4767 paraverat
711 4703 813 4763 locum,

67 4789 158 4824 aream
176 4772 309 4824 videlicet
327 4771 423 4826 Oman
442 4773 570 4825 Iebusaei
590 4775 615 4842 (2
636 4773 685 4840 Rg.
705 4776 748 4834 24,
769 4776 812 4824 18-
839 4755 843 4842 Ι

863 357 918 426 25),
937 356 1068 409 Salomon
1080 369 1174 410 autem
1185 357 1268 410 illum
1286 357 1485 410 accomodavit.
1504 358 1539 410 Et
1556 361 1609 425 pri·

862 445 909 480 mo
928 429 1043 494 quidem
1061 445 1142 482 muro
1154 430 1326 482 validissimo
1339 432 1452 496 maguis·
1468 429 1609 497 lapidibus

863 501 1008 561 instructo,
1026 503 1056 552 in
1081 519 1137 566 quo
1156 512 1282 568 paterent
1299 502 1438 566 ingressus
1465 513 1494 553 et
1518 502 1610 553 aditus

863 571 899 622 ad
916 572 1011 623 locum
1039 583 1174 633 sanctum,
1193 572 1380 639 undequaque
1408 573 1609 633 circumdedit;

864 643 966 696 deiude
993 643 1129 709 depressit
1155 654 1247 710 partes
1270 661 1342 709 quae
1367 644 1611 710 supereminebant

864 725 1015 766 etecontra
1028 714 1194 782 adaequavit
1204 714 1457 767 substructionibus
1468 715 1610 774 adhibitis,

864 797 955 852 partes
974 804 1054 851 quae,
1074 786 1110 837 ob
1132 797 1260 838 naturam
1288 786 1368 838 collis
1395 788 1554 853 praecipitis
1583 797 1611 838 et

864 857 988 917 declivis,
1007 857 1173 909 6616666661.
1199 857 1242 910 Sic
1271 858 1401 909 omnibus
1428 857 1611 923 complanatis

863 939 893 980 et
910 927 982 980 16616
1001 947 1065 980 6666
1083 929 1184 981 166666
1203 928 1238 980 66
1251 947 1321 995 6666
1335 927 1536 994 perficiendum
1554 947 1610 980 ma·

864 1017 916 1051 nus
935 999 1066 1050 admovit.
1085 1000 1195 1067 Templi
1213 999 1378 1066 archetypus
1403 1011 1462 1052 erat
1485 1000 1610 1052 taberna·

864 1069 959 1121 culum
978 1067 1108 1132 foederis,
1125 1071 1201 1137 quod
1212 1073 1282 1123 atrio
1295 1073 1462 1122 instructum
1476 1083 1611 1124 61666616

864 1153 892 1193 et
907 1144 1080 1194 sanctissimo
1099 1153 1227 1194 constans
1246 1141 1298 1211 (Ex
1317 1143 1359 1203 26,
1380 1143 1478 1211 1666.)
1507 1145 1611 1209 aperie-

864 1213 946 1264 batur
964 1231 1059 1265 versus
1078 1213 1145 1266 solis
1164 1225 1265 1265 ortum.
1291 1214 1398 1266 Pariter
1420 1215 1557 1280 templum
1576 1215 1610 1266 ad

865 1286 1001 1336 orientem
1020 1296 1146 1351 spectans
1160 1285 1259 1337 habuit
1271 1285 1369 1338 aedem
1382 1303 1487 1338 sacram
1500 1286 1611 1351 longam

865 1356 899 1407 60
918 1355 1021 1417 cubita,
1041 1356 1125 1408 latam
1145 1357 1178 1408 20
1198 1369 1226 1409 et
1243 1356 1329 1408 altam
1353 1357 1395 1417 30,
1409 1358 1529 1423 desuper
1547 1375 1611 1408 con-

864 1437 966 1478 tectam
985 1445 1042 1478 non
1061 1429 1131 1492 sagis
1145 1427 1179 1479 de
1193 1428 1258 1493 pilis
1271 1446 1417 1494 caprarum
1427 1440 1476 1480 aut
1489 1428 1610 1495 pellibus

865 1499 983 1550 arietum
996 1510 1024 1550 et
1033 1497 1177 1560 ianthinis,
1187 1499 1236 1550 sed
1249 1498 1352 1550 tabulis
1365 1500 1495 1560 cedrinis,
1508 1499 1610 1565 quibus

865 1569 1079 1636 obtegebantur¹
1096 1573 1180 1622 etiam
1205 1571 1332 1636 parietes.
1360 1569 1394 1621 ln
1423 1571 1491 1622 duas
1519 1583 1610 1638 partes

865 1651 924 1692 erat
942 1641 1072 1692 divisum.
1081 1642 1148 1713 Bars
1166 1643 1297 1701 anterior,
1310 1659 1382 1707 quae
1393 1653 1520 1694 sanctum
1539 1643 1610 1694 dice-

865 1711 947 1763 batur
965 1724 993 1763 et
1010 1731 1082 1777 quae
1104 1724 1163 1764 erat
1192 1712 1274 1778 longa
1302 1715 1336 1764 40
1355 1713 1458 1774 cubita,
1487 1713 1612 1766 servabat

866 1782 1064 1836 candelabrum
1074 1784 1291 1850 septemplicem,
1302 1783 1388 1836 altare
1398 1785 1610 1850 thymiamatum

866 1865 894 1906 et
913 1873 1007 1906 mensa
1017 1873 1121 1921 panum
1140 1857 1373 1922 propositionum.
1385 1856 1451 1908 Pars
1467 1858 1611 1922 posterior,

867 1926 900 1976 20
919 1926 1014 1978 cubita
1033 1925 1123 1992 longa,
1142 1926 1197 1978 lata
1216 1935 1245 1978 et
1266 1927 1330 1987 alta,
1350 1929 1554 1980 sanctissimum
1573 1927 1611 1978 di-

866 1996 981 2048 cebatur
1011 2008 1040 2049 et
1071 1998 1198 2050 servabat
1226 2016 1317 2049 arcam
1345 1998 1466 2050 foederis
1493 1998 1612 2064 desuper

866 2071 1060 2135 propitiatorio
1092 2080 1255 2121 contectam.
1291 2069 1422 2120 Sanctum
1453 2081 1611 2122 sanctorum

867 2139 1045 2206 separabatur
1062 2159 1078 2192 a
1097 2153 1192 2192 sancto
1219 2141 1325 2207 pariete
1351 2141 1475 2201 cedrino,
1501 2143 1531 2192 in
1555 2160 1611 2207 quo

866 2222 925 2262 erat
952 2213 1054 2263 ostium
1081 2211 1150 2273 velo¹
1174 2211 1219 2280 (61.
1247 2211 1290 2262 Μ1
1308 2213 1351 2272 27,
1371 2212 1424 2273 51;
1448 2212 1512 2264 Heb
1540 2214 1565 2273 9,
1584 2214 1610 2280 3)

866 2282 991 2334 clausum
1023 2301 1057 2334 ex
1086 2282 1237 2348 hyacintho
1267 2295 1296 2334 et
1323 2301 1454 2350 purpura,
1482 2301 1566 2335 cocco
1584 2295 1611 2334 61

867 2354 948 2418 bysso
967 2372 1061 2420 ¹opere
1079 2354 1202 2406 mirabili
1229 2366 1360 2406 contexto
1378 2366 1407 2406 61
1435 2353 1529 2421 figuris
1548 2354 1611 2406 che·

866 2425 959 2476 rubim
978 2436 1085 2477 ornato.
1104 2425 1204 2478 Sancto
1229 2437 1323 2477 autem
1349 2427 1481 2478 introitus
1499 2426 1612 2492 patebat

866 2513 916 2562 per
934 2495 1008 2548 16666
1026 2496 1148 2548 valvatae
1166 2497 1296 2562 abiegnas
1317 2497 1428 2550 laminis
1456 2500 1547 2549 aureis
1566 2497 1612 2548 ob·

867 2568 971 2619 ductas.
992 2566 1122 2619 Ceterum
1146 2569 1236 2619 aureis
1264 2567 1375 2620 laminis
1404 2570 1494 2620 omnis
1522 2571 1612 2636 paries

866 2641 896 2690 in
916 2657 991 2690 sacra
1013 2639 1082 2692 aede
1110 2639 1300 2705 obtegebatur.
1325 2640 1398 2691 Ante
1424 2643 1611 2692 sanctuarium

867 2721 926 2762 erat
943 2711 1028 2761 etiam
1047 2713 1179 2776 porticus,
1189 2713 1238 2776 qui
1257 2729 1306 2777 per
1324 2723 1411 2762 totam
1431 2711 1552 2763 frontem
1570 2731 1612 2763 ae-

830 2803 834 2812 ·
867 2780 943 2832 difici
967 2781 1089 2847 patebat,
1114 2782 1187 2834 latus
1211 2782 1328 2848 proinde
1356 2783 1390 2833 20
1418 2782 1521 2844 cubita,
1552 2802 1611 2849 pro·

867 2852 970 2904 fundus
992 2853 1024 2903 10
1043 2853 1137 2905 cubita
1156 2866 1184 2905 et
1196 2854 1268 2905 altus
1284 2855 1333 2904 120
1346 2854 1449 2905 cubita.
1463 2853 1611 2906 Summitas

867 2924 927 2974 eius
954 2924 1136 2989 pinnaculum
1154 2925 1252 2990 templi
1272 2925 1424 2976 dicebatur.
1435 2925 1510 2978 Ante
1529 2927 1611 2991 porti·

867 3013 931 3045 cum
949 3007 1051 3055 autem,
1061 2995 1127 3046 hine
1138 2996 1212 3054 inde,
1231 2995 1302 3047 6666
1321 2996 1497 3062 erigebantur
1510 2996 1612 3050 colum·

867 3084 919 3118 nae
938 3084 1040 3118 aeneae
1059 3084 1123 3118 eum
1142 3066 1279 3132 capitellis
1301 3069 1403 3133 pariter
1416 3069 1517 3128 aeneis,
1531 3068 1611 3119 lakin

868 3149 896 3188 et
914 3136 989 3188 Booz
1015 3137 1179 3203 appellatae,
1206 3156 1240 3188 ex
1258 3140 1357 3189 ceteris
1386 3157 1451 3190 vero
1478 3139 1633 3190 lateribus·

867 3208 974 3259 scilicet
992 3208 1179 3268 meridionali,
1204 3209 1371 3275 occidentali
1400 3221 1428 3260 et
1455 3210 1612 3274 aquilonari

867 3297 959 3331 sacrae
978 3280 1054 3331 aedis
1073 3281 1199 3346 apposita
1220 3291 1299 3330 66661
1311 3277 1440 3331 cubicula
1454 3281 1558 3347 triplici
1572 3300 1612 3332 or·

867 3351 933 3402 diue
946 3351 1080 3416 disposita
1098 3351 1133 3402 ad
1152 3369 1215 3402 vasa
1234 3351 1332 3417 templi
1350 3353 1528 3404 adservanda.

903 3422 956 3472 Pro
967 3440 1024 3473 uno
1036 3424 1116 3482 atrio,
1128 3422 1205 3488 quod
1217 3424 1247 3472 in
1260 3422 1440 3475 tabernaculo
1449 3423 1612 3484 habebatur,

867 3494 897 3542 in
915 3493 1020 3559 templo
1039 3493 1194 3545 Salomonis
1205 3493 1261 3545 duo
1281 3497 1349 3545 atria
1366 3507 1444 3546 erant
1456 3495 1610 3546 adiacentia

867 3582 954 3614 unum
973 3563 1061 3616 altero
1079 3565 1204 3616 inferius.
1231 3565 1342 3616 Atrium
1368 3566 1414 3617 vel
1440 3566 1609 3618 vestibulum

866 3637 984 3686 interius
1015 3635 1055 3703 (Jr
1082 3635 1125 3698 36,
1154 3637 1198 3704 10)
1228 3637 1372 3690 dicebatur
1399 3639 1483 3688 etiam
1511 3639 1611 3689 atrium

867 3706 1042 3758 sacerdotum
1072 3709 1097 3775 (2
1117 3707 1173 3758 Par¹
1189 3709 1215 3768 4,
1234 3710 1319 3775 9),⁴et
1336 3710 1366 3758 in
1388 3727 1422 3760 eo
1441 3720 1500 3761 erat
1525 3709 1611 3760 altare

868 3777 1094 3829 holocaustorum
1120 3797 1183 3830 eum
1202 3797 1278 3830 mare
1296 3797 1399 3831 aenaeo
1418 3791 1446 3831 et
1464 3783 1566 3832 mensis
1585 3793 1612 3832 et

867 3861 957 3900 cetera
970 3868 1041 3914 quae
1052 3850 1087 3901 ad
1097 3849 1230 3902 sacrificia
1239 3862 1318 3902 erant
1327 3852 1489 3903 necessaria.
1502 3851 1612 3902 Atrium

867 3921 1093 3981 66166166611666
1112 3923 1213 3974 atrium
1231 3940 1362 3987 ¹magnum
1385 3923 1611 3982 dictum,atrium

866 3993 983 4042 interius
1002 4004 1030 4043 et
1048 3992 1185 4058 templum
1203 3993 1342 4044 ambiebat
1361 4005 1389 4044 et
1407 3995 1437 4044 in
1459 4012 1492 4045 co
1521 3994 1613 4045 aditus

867 4074 946 4114 erant
955 4063 990 4114 ad
1000 4063 1129 4114 cubicula
1148 4082 1218 4129 quae
1236 4065 1272 4115 ad
1290 4064 1445 4116 custodiam
1457 4065 1564 4131 templi,
1578 4067 1610 4117 ad

867 4146 963 4185 coetus
975 4135 1178 4194 convocandos,
1192 4136 1226 4186 ad
1241 4154 1390 4196 annonam,
1401 4138 1542 4202 pecunias,
1556 4137 1612 4206 the·

867 4223 963 4257 sauros
988 4206 1137 4262 servandos
1155 4206 1368 4267 adhibebantur,
1387 4219 1415 4258 et
1442 4208 1506 4259 ideo
1535 4227 1611 4273 gazo·

867 4276 995 4342 phylacia
1014 4277 1152 4344 appellata
1172 4289 1236 4328 sunt
1256 4281 1282 4343 (4
1302 4277 1343 4343 Rg
1363 4279 1405 4337 12,
1424 4281 1439 4330 9
1459 4280 1531 4346 ete).

904 4348 938 4400 In
964 4349 1071 4415 templo
1105 4349 1225 4400 Herodis
1253 4349 1445 4408 describend0,
1477 4350 1611 4415 Iosephus

869 4419 951 4486 (Bell.
966 4420 987 4472 1.
1002 4419 1034 4480 V,
1054 4421 1079 4480 5,
1093 4421 1119 4487 2)
1134 4420 1260 4485 16661166
1278 4422 1361 4471 etiam
1382 4420 1416 4471 de
1431 4419 1537 4486 duplici
1552 4441 1612 4486 pcr-

868 4492 934 4551 ticu,
953 4509 1037 4556 quam
1066 4491 1241 4542 “columnae
1270 4490 1443 4542 sustinebant
1462 4493 1556 4556 quinis
1585 4505 1612 4542 61

867 4563 972 4612 vicenis
991 4562 1093 4613 cubitis
1112 4562 1194 4620 altae,
1213 4562 1247 4612 dc
1260 4561 1374 4626 singulis
1390 4564 1461 4614 saxis
1474 4581 1611 4614 marmore

869 4633 997 4693 candido,
1025 4644 1053 4683 et
1072 4633 1212 4698 laquearia
1244 4633 1356 4683 cedrina
1386 4634 1566 4699 protegebant
1587 4644 1610 4683 ²³.

868 4703 976 4754 Harum
983 4705 1142 4769 porticuum
1153 4704 1295 4755 orientalis
1305 4706 1479 4755 existimatur
1488 4707 1611 4771 porticus

870 4774 1033 4833 Salomonis,
1053 4775 1088 4826 de
1116 4793 1171 4839 qua
1199 4774 1264 4825 libri
1284 4775 1317 4824 N.
1337 4775 1368 4826 Τ.
1388 4775 1556 4840 quandoque
1575 4776 1612 4826 lo·
