3494 5142
767 670 925 724 CAPUTIII.

741 801 764 872 S
784 802 819 872 Y
838 802 871 874 R
891 801 910 873 Ι
926 801 961 872 Α

809 945 890 953 -ι--

146 1145 149 1152 ’
240 1137 257 1171 l.
274 1135 374 1174 NOMEN
388 1137 423 1174 ET
437 1135 498 1174 EIUS
512 1136 633 1174 PHYSICA
646 1135 843 1175 CONSTITUTIO.
857 1157 885 1166 -·
899 1138 919 1173 2.
935 1136 1129 1174 OROGRAPHIA.
1144 1157 1171 1164 -
1185 1137 1205 1173 3.
1221 1135 1454 1174 HYDROGRAPHIA.

502 1209 523 1244 4³
538 1207 715 1245 PRAECIPUAE
730 1207 895 1246 DIVISIONES.
911 1229 937 1236 -
951 1207 971 1244 5.
987 1207 1190 1245 HABITATORES.

112 1369 135 1418 l.
145 1366 231 1433 Syria,
241 1383 275 1417 ex
285 1365 398 1431 Assyria
408 1383 511 1418 nomen
521 1366 685 1426 derivatum,
695 1365 822 1432 designat

76 1439 217 1502 regionem
236 1455 320 1503 quam
338 1448 445 1488 veteres
464 1435 549 1488 Aram
568 1436 755 1504 appellabant.

109 1509 195 1560 Vario
213 1520 307 1559 tamen
326 1525 409 1559 sensu
427 1520 577 1574 usurpatur
604 1525 707 1560 nomen
725 1508 821 1574 Syria:

74 1597 158 1630 sensu
175 1579 233 1630 lato
252 1579 386 1630 tribuitur
403 1581 553 1648 territorio,
567 1581 646 1631 cuius
664 1579 728 1630 finis
746 1579 822 1645 aqui-

74 1650 179 1702 lonaris
211 1661 253 1702 est
272 1668 352 1702 mons
382 1649 498 1716 Taurus,
528 1669 585 1716 quo
618 1661 775 1716 segregatur
804 1669 820 1701 a

55 1766 58 1774 .
75 1721 269 1788 Cappadocia;
288 1721 469 1773 occidentalis
486 1721 620 1782 Amanus,
630 1723 679 1788 qui
699 1730 715 1752 ‘⁶
728 1721 763 1774 ab
777 1721 822 1786 Sy·

75 1795 113 1844 ris
131 1793 259 1846 Ciliciam
287 1804 395 1859 separat
413 1801 429 1823 ⁴³
449 1792 531 1861 (Plin.
549 1793 585 1844 H.
604 1793 640 1844 N.
668 1793 702 1854 V,
727 1793 771 1859 2¹2)
794 1803 822 1844 et

77 1883 151 1915 mare
169 1864 406 1916 Mediterraneum
434 1864 586 1930 aliquando
614 1863 757 1929 Syriacum
776 1863 821 1915 vel

76 1935 259 1988 Phoenicium
284 1934 408 1996 dictum;
428 1935 619 1990 meridionalis
638 1935 778 1987 desertum
796 1953 822 1985 a·

76 2006 201 2057 rabicum
213 2017 242 2057 et
254 2006 419 2072 Aegyptum,
430 2006 544 2058 tandem
563 2006 707 2058 orientalis
718 2005 822 2058 Arabia

77 2078 194 2138 deserta,
212 2076 323 2142 Assyria
343 2088 371 2128 et
392 2077 555 2143 Babylonia.
584 2076 671 2129 Sensu
690 2079 822 2129 strictiori

76 2160 194 2215 sumpta,
204 2160 288 2214 prout
305 2166 406 2215 nempe
424 2148 501 2214 Syria
515 2167 530 2200 a
543 2148 754 2215 Mesopotamia,
773 2166 822 2200 seu

75 2219 111 2280 ab
121 2219 206 2270 Aram
217 2219 376 2280 Naharaim,
389 2231 418 2271 et
430 2237 445 2270 a
458 2220 615 2271 Palaestina
633 2220 822 2286 distinguitur,

76 2290 161 2342 habet
178 2290 297 2342 limitem
311 2291 475 2342 orientalem
490 2290 661 2357 Euphratem
673 2303 702 2343 et
714 2292 822 2343 deserta

76 2361 170 2426 Syriae
187 2384 224 2409 Ξ
235 2361 398 2422 ρὶ-Ηαιηαᾶ,
416 2361 565 2414 australem
578 2373 672 2414 autem
695 2363 769 2414 aabr
786 2362 822 2414 el·

77 2433 214 2497 Qasimije
231 2433 262 2484 et'
277 2433 469 2484 Damascenen
491 2451 539 2485 seu
559 2433 665 2498 Syriam
683 2434 822 2485 Damasci:

77 2514 216 2555 coartatur
234 2521 335 2570 nempe
353 2505 384 2555 in
402 2505 549 2556 meridiem
574 2505 661 2570 gradu
680 2505 767 2556 33-20'
786 2505 822 2556 la·

75 2574 223 2635 ‘titudinis3
242 2577 378 2626 orientem
396 2593 492 2627 versus
512 2576 599 2626 38·20'
621 2587 650 2628 et
668 2577 717 2626 400
736 2575 822 2642 gradu

76 2645 259 2711 longitudinis
278 2646 429 2698 orientalis.

111 2717 253 2782 Distingui
271 2717 343 2768 solet
360 2719 390 2768 in
410 2717 515 2782 Syriam
528 2719 700 2785 superiorem
712 2729 741 2768 et
754 2716 822 2767 infe-

76 2790 187 2848 riorem,
206 2805 324 2854 quarum
341 2790 497 2840 communis
509 2787 590 2840 limes
602 2799 644 2839 est
656 2787 822 2840 Eleutherna

75 2859 181 2910 flumen
197 2869 226 2910 et
243 2860 297 2919 via,
318 2877 389 2925 quae
399 2871 463 2927 post
482 2859 584 2911 vallem
606 2859 751 2911 Eleutheri
764 2858 824 2909 Pal·

78 2948 183 2995 myram
205 2931 323 2996 attingit.

112 3000 189 3066 Syria
205 3003 336 3070 'superior
352 3001 426 3052 valle
444 2999 558 3053 Orontis
581 3019 632 3068 per
650 3000 774 3053 medium
787 3001 823 3052 al-

76 3072 164 3124 luitur
182 3083 210 3124 et
228 3071 364 3123 dividitur
381 3075 412 3123 in
435 3072 504 3124 duas
530 3074 657 3138 regiones
682 3072 766 3138 plane
784 3072 823 3122 di·

77 3161 177 3195 versas.
197 3143 379 3195 Occidentem
405 3161 501 3195 versus
529 3155 592 3210 post
619 3143 765 3210 planitiem
792 3145 823 3194 in

77 3232 125 3265 ora
141 3216 289 3275 maritima,
298 3215 361 3281 plus
374 3215 501 3282 minusve
509 3215 653 3266 montibus
665 3225 761 3276 artata,
774 3216 823 3279 qui

76 3285 246 3351 quandoque
264 3287 319 3351 ipsi
337 3287 407 3336 mari
430 3287 588 3347 imminent,
616 3287 734 3351 assurgit
760 3285 823 3336 Bar·

76 3355 155 3421 gylus
173 3375 207 3406 Ξ
216 3374 244 3421 g.
263 3357 422 3421 Nosairrije
436 3358 483 3425 (ιιι.
503 3357 572 3408 1500
585 3359 630 3425 a),
642 3358 823 3423 sequiturque

78 3427 169 3478 media
187 3427 268 3479 vallis
287 3438 316 3478 et
333 3427 369 3478 ad
388 3429 525 3479 orientem
538 3429 668 3495 planities
683 3439 824 3489 montana,

76 3517 148 3563 quae
176 3498 316 3549 desertum
344 3500 481 3563 syriacum
511 3499 667 3566 appellatur
695 3510 723 3550 et
752 3517 824 3565 quae

76 3569 200 3634 adsurgit
218 3588 301 3634 super
323 3587 427 3635 aequor
450 3572 533 3622 maris
553 3571 604 3622 300
623 3589 660 3622 m.
678 3570 723 3621 vel
742 3573 823 3622 circa.

112 3641 196 3691 Varia
213 3642 299 3705 igitur
315 3652 357 3692 est
375 3652 404 3692 et
422 3643 493 3692 aeris
511 3643 660 3708 temperies
685 3659 737 3692 nec
755 3641 824 3693 mul·

77 3724 138 3762 tum
157 3710 288 3762 differens
306 3730 322 3762 a
335 3712 550 3778 palaestinensi3
568 3731 669 3779 nempe
682 3712 824 3779 tropiealis

77 3793 120 3833 est
137 3784 167 3832 in
177 3782 294 3848 planitie
307 3782 488 3844 occidentali,
500 3783 548 3835 sed
562 3785 670 3835 marino
682 3801 745 3835 aere
757 3795 825 3835 tem·

78 3864 172 3920 perata
182 3873 190 3914 ς
203 3855 279 3906 mitis
291 3865 320 3905 et
332 3854 501 3921 quandoque
514 3855 614 3920 frigida
623 3857 654 3906 in
664 3854 825 3915 montibus;

77 3936 206 3976 aestuans
224 3937 253 3976 et
272 3925 389 3976 molesta
407 3927 437 3977 in
455 3925 529 3977 valle
548 3926 671 3986 Orontis,
688 3927 719 3977 in
739 3926 825 3993 plani·

76 3998 116 4048 tie
135 4007 267 4047 montana
285 3998 362 4048 etin
381 3996 498 4048 deserto.

114 4067 191 4133 Syria
214 4067 331 4119 inferior
349 4079 442 4119 autem
461 4086 476 4118 a
497 4067 604 4134 duplici
625 4070 764 4120 montium
784 4087 825 4133 sy·

79 4150 194 4190 stemate
214 4151 242 4190 et
263 4138 336 4190 valle
365 4139 540 4200 intermedia,
568 4157 640 4204 quae
668 4139 825 4205 Coelesyria

78 4233 113 4256 Ξ
133 4209 277 4275 el·Beqa’a
295 4212 407 4276 proprie
426 4222 549 4271 vocatur,
567 4212 754 4263 constituitur.

116 4319 141 4367 2.
159 4317 270 4369 Montes
289 4320 338 4383 qui
359 4317 395 4369 ad
418 4317 524 4382 Syriam
546 4321 696 4384 pertinent,
718 4331 827 4386 praeter

79 4389 203 4439 Taurum
222 4391 271 4454 qui
290 4391 350 4440 eius
368 4389 450 4440 limes
468 4390 639 4455 aquilonaris
658 4401 708 4450 est,
727 4401 807 4442 sunt:

114 4460 239 4511 Amanus
257 4478 338 4512 mons
365 4483 401 4507 Ξ
419 4459 506 4512 Alma
519 4461 613 4526 Da'gb,
631 4463 681 4527 qui
699 4462 827 4513 imminet

80 4532 155 4582 sinui
173 4531 261 4582 Issico
279 4549 314 4582 ex
331 4532 418 4583 latere
437 4532 567 4586 orientali
594 4543 623 4584 et
650 4533 730 4584 euius
747 4534 827 4583 meri·

81 4601 201 4654 dionalis
219 4621 342 4668 propago
361 4603 617 4670 appellatur'mons
635 4603 773 4655 Rhosium
792 4627 828 4650 Ξ

79 4691 108 4737 g.
126 4673 231 4724 Masba
258 4684 287 4725 et
305 4674 408 4726 desinit
434 4677 465 4726 in
491 4674 645 4726 Rhosicum
669 4686 827 4741 promonto-

80 4746 162 4796 rium.
181 4745 235 4796 Per
253 4745 394 4798 Amanum
419 4746 454 4798 ab
481 4746 651 4798 Alexandria
678 4764 767 4813 usque
791 4747 826 4796 ad

1245 1249 1260 1278 e

877 1367 977 1432 Pagras
997 1366 1154 1432 velupotius
1174 1365 1210 1416 ab
1237 1384 1285 1416 ora
1311 1367 1449 1416 maritima
1474 1383 1562 1431 usque
1588 1367 1624 1416 ad

876 1437 1022 1504 planitiem
1041 1436 1246 1488 Antiochenam
1264 1438 1309 1488 via
1337 1448 1387 1497 est,
1413 1438 1492 1488 euius
1519 1447 1624 1488 tractus

876 1509 1036 1569 altissimus,
1048 1526 1106 1559 non
1119 1507 1201 1574 longe
1219 1527 1235 1559 a
1254 1507 1342 1559 Belan
1362 1507 1481 1572 “Syriae
1500 1519 1597 1574 portae
1608 1516 1623 1538 δ’

878 1579 1017 1648 (Xenoph.
1037 1579 1129 1630 Aaab.
1157 1578 1180 1640 I,
1199 1581 1224 1640 4,
1243 1581 1270 1646 4)
1291 1579 1415 1640 dicitur;
1433 1578 1469 1630 ad
1496 1579 1624 1630 Ciliciam

875 1669 942 1702 vero
971 1669 1112 1702 accessum
1136 1649 1272 1716 praebent
1290 1658 1305 1680 ‘⁴
1322 1661 1419 1716 portae
1437 1650 1591 1702 Amanidae
1608 1659 1624 1679 ³·

878 1721 923 1790 (cf.
943 1722 1050 1782 Cicero,
1068 1721 1156 1787 Epist.
1182 1720 1350 1784 familiares,
1368 1721 1428 1782 XV,
1444 1723 1482 1788 4).

912 1791 995 1844 Mons
1013 1793 1124 1844 Cassius
1141 1815 1177 1840 Ξ
1193 1810 1222 1857 g.
1242 1793 1320 1857 Aqra
1342 1794 1396 1861 (m.
1410 1793 1499 1860 1770).

911 1864 994 1915 Mons
1021 1863 1154 1929 Bargylus
1188 1885 1224 1910 Ξ
1244 1880 1272 1928 g.
1300 1863 1468 1928 Nosairrije,
1495 1865 1545 1930 qui
1562 1882 1579 1914 a
1596 1882 1624 1930 g.

876 1935 960 2001 Aqra·
973 1936 1087 1986 initium
1105 1952 1217 1986 sumens
1236 1934 1413 2000 protenditur
1432 1937 1461 1985 in
1477 1934 1624 1986 meridiem

876 2025 965 2073 usque
983 2006 1019 2057 ad
1039 2005 1220 2057 Eleutherum
1239 2003 1353 2066 flumen,
1371 2005 1421 2057 ubi
1436 2007 1512 2071 regio
1530 2017 1581 2066 est,
1593 2007 1624 2056 in

876 2095 932 2143 qua
951 2077 1051 2129 Libani
1071 2085 1086 2108 ‘⁶
1105 2072 1365 2136 desinuntmontes
1383 2088 1420 2137 et,
1439 2078 1625 2129 interiacenti-

877 2149 929 2200 bus
942 2150 1056 2215 campis,
1069 2147 1203 2213 Bargylus
1212 2165 1293 2198 mons
1305 2156 1320 2178 '³
1341 2147 1423 2216 (Plin.
1442 2149 1478 2200 H.
1489 2149 1525 2200 N.
1534 2148 1568 2209 V,
1578 2149 1623 2214 20)

876 2221 1009 2286 adsurgit.
1112 2232 1113 2235 ’

912 2292 1035 2343 Libanus
1053 2300 1095 2341 est
1113 2289 1264 2342 altissimus
1279 2302 1308 2342 et
1320 2290 1518 2343 celeberrimus
1531 2290 1624 2356 Syriae

877 2381 957 2414 mons
975 2364 1091 2427 eiusque
1104 2379 1211 2412 summa
1237 2363 1382 2413 cacumina
1401 2373 1482 2413 sunt:
1504 2381 1549 2413 ras
1568 2363 1625 2412 osh-

876 2433 999 2486 Sbmeile
1022 2436 1069 2500 (m.
1089 2431 1158 2482 3360
1178 2433 1234 2500 (3)),
1251 2451 1279 2498 g.
1301 2432 1432 2484 Malcmal
1460 2433 1539 2501 (3126
1567 2435 1625 2499 m),

877 2505 959 2556 Dahr
976 2501 1108 2567 et-Qodtb
1128 2503 1208 2571 (3063
1227 2506 1285 2571 ιιι.),
1302 2522 1330 2569 g.
1349 2503 1460 2556 Sannio
1483 2504 1563 2573 (2750
1576 2507 1624 2572 ιιι.)

877 2574 1626 2636 etc.Exadversoautem,contraorientemextenditur

912 2646 1093 2698 Antilibanus
1122 2667 1158 2692 Ξ
1174 2663 1202 2711 g.
1224 2645 1383 2698 eslaSherhi
1403 2647 1453 2712 qui
1474 2645 1558 2713 paulo
1576 2649 1626 2696 mi·

877 2720 953 2770 noris
983 2728 1026 2769 est
1052 2715 1210 2768 altitudinis
1238 2748 1270 2755 -
1299 2734 1459 2783 supremum
1492 2719 1625 2769 verticem

877 2789 986 2841 habens
1015 2787 1090 2840 talat
1107 2787 1192 2840 Musa
1212 2790 1258 2856 (m.
1286 2789 1365 2857 2680)
1392 2820 1425 2826 -
1450 2799 1478 2839 et
1497 2789 1526 2839 in
1545 2791 1625 2840 cuius

877 2860 1056 2912 meridionali
1074 2869 1153 2925 parte
1171 2861 1287 2925 erigitur

913 2932 996 2983 Mons
1022 2931 1149 2982 Hermon
1167 2953 1203 2978 Ξ
1220 2948 1248 2996 g.
1276 2929 1436 2990 osb-Sbecb,
1455 2948 1504 2981 seu
1533 2948 1561 2996 g.
1587 2942 1625 2981 et-

882 3003 963 3072 Tetgr,
983 3001 1094 3068 “quem
1114 3000 1223 3052 Sidonii
1242 3001 1340 3053 Sarion
1362 3011 1463 3052 vocant
1481 3013 1509 3052 et
1527 3003 1625 3052 Amor-

878 3074 956 3126 rhaei
979 3073 1060 3126 Sanir
1078 3081 1094 3103 ³⁶
1124 3072 1173 3140 (Dt
1192 3073 1217 3132 3,
1242 3074 1280 3139 9),
1308 3083 1336 3123 et
1357 3083 1399 3123 est
1426 3083 1566 3124 extremus
1595 3072 1626 3123 li·

878 3164 937 3197 mes
956 3145 1050 3210 Syriae
1069 3155 1166 3196 contra
1184 3143 1378 3194 Palaestinam.

916 3254 940 3306 3.
949 3251 983 3304 In
989 3252 1156 3317 Coelesyria‚
1165 3269 1223 3302 non
1232 3249 1315 3316 longe
1325 3250 1360 3301 ab
1371 3250 1524 3318 Heliopoli,
1533 3263 1625 3308 ortum

878 3324 984 3375 habent
1002 3323 1060 3374 duo
1079 3320 1312 3389 principalissima
1330 3320 1446 3372 flumina
1471 3321 1573 3388 Syriae,
1589 3321 1626 3373 0·

878 3406 973 3446 rontes
990 3405 1019 3446 et
1036 3395 1164 3446 Leontes.

914 3465 1035 3517 Orontes
1061 3487 1098 3512 =
1116 3464 1191 3516 nabr
1207 3463 1298 3514 el-Asi
1320 3463 1443 3515 decurrit
1466 3467 1628 3530 septentrio·

879 3556 943 3589 nem
961 3554 1065 3589 versus.
1092 3535 1168 3586 Fluit
1185 3552 1243 3585 non
1269 3534 1352 3600 longe
1373 3553 1390 3586 a
1417 3534 1559 3586 Gades:
1578 3536 1629 3587 tell

880 3607 962 3669 Nobi,
984 3625 1056 3673 quae
1075 3618 1171 3674 postea
1192 3616 1352 3672 nuncupata
1377 3616 1419 3656 est
1437 3605 1572 3658 Laodicea
1592 3608 1627 3658 ad

879 3679 1018 3730 Libanum
1038 3677 1156 3746 (Strabo,
1173 3675 1252 3737 XVI,
1272 3677 1297 3737 2,
1317 3677 1368 3738 18;
1387 3676 1511 3728 Plinii.
1539 3678 1575 3729 N.
1593 3678 1627 3731 V.

880 3752 925 3818 23)
945 3768 996 3802 seu
1014 3749 1132 3802 Cabiosa
1152 3746 1235 3817 (Ptol.
1253 3747 1287 3808 V,
1308 3747 1362 3814 15),
1384 3747 1451 3799 urbs
1475 3748 1627 3814 aliquanda

880 3821 999 3873 celebris
1017 3832 1130 3887 propter
1153 3820 1303 3872 vvictoriam
1330 3819 1446 3870 Ramses
1475 3818 1504 3870 II
1531 3832 1626 3872 contra

880 3892 1041 3953 Hethaeos3
1059 3891 1188 3943 efformat
1205 3889 1308 3941 deinde
1326 3890 1418 3944 laeum
1437 3890 1535 3951 Gades,
1547 3891 1628 3942 alluit

881 3964 1017 4024 Emesam,
1044 3962 1220 4021 Arethusam,
1249 3960 1359 4022 Emath‚
1384 3961 1529 4024 Larissam,
1557 3962 1628 4028 Apa·

880 4053 980 4095 meam,
998 4034 1082 4086 urbes
1100 4034 1259 4085 notissimas
1278 4031 1372 4097 Syriae
1387 4033 1628 4100 mediterraneae,

881 4119 909 4158 et
926 4105 1040 4158 tandem
1052 4107 1190 4171 attingens
1203 4103 1384 4156 Antiochiam
1397 4104 1519 4156 flectitur
1531 4123 1629 4157 versus

881 4195 1010 4229 oceasum
1029 4188 1057 4228 et
1075 4176 1222 4242 meridiem
1241 4186 1269 4226 et
1288 4176 1319 4226 in
1337 4194 1413 4228 mare
1432 4175 1583 4228 descendit.

917 4249 1035 4300 Leontes
1053 4271 1090 4296 Ξ
1108 4248 1182 4299 nabr
1208 4245 1352 4307 el-Litani,
1379 4248 1518 4299 contrario
1546 4265 1628 4298 eursu

882 4320 1027 4372 descendit
1044 4337 1139 4371 versus
1158 4317 1313 4377 meridiem,
1327 4318 1493 4384 usquedum,
1512 4318 1564 4369 sub
1582 4337 1629 4369 no·

881 4393 957 4443 mine
976 4409 1004 4442 n.
1022 4391 1208 4454 el-Qasimije‚
1236 4390 1324 4454 vergit
1352 4390 1387 4442 ad
1415 4407 1544 4440 occasum
1563 4388 1629 4441 solis

872 4474 910 4514 'et
928 4464 959 4513 in
976 4480 1053 4513 mare
1072 4461 1309 4513 Mediterraneum
1329 4460 1482 4512 effunditur
1494 4462 1568 4512 inter
1580 4461 1629 4524 Ty·

881 4552 944 4584 rum
962 4545 991 4584 et
1009 4532 1152 4584 Hethalon
1170 4554 1206 4578 Ξ
1223 4530 1330 4583 Adlaa.

917 4604 1010 4667 Ceteri
1034 4603 1135 4669 Syriae
1156 4602 1235 4654 fluvii
1262 4614 1361 4654 notatu
1389 4603 1467 4668 digni
1488 4604 1537 4654 alii
1565 4615 1628 4654 sunt

882 4675 1078 4726 mediterranei
1096 4675 1145 4726 alii
1166 4675 1250 4724 maris
1280 4674 1429 4726 tributarii.
1448 4674 1492 4725 Ad
1511 4675 1628 4741 primam

882 4746 998 4798 classem
1017 4747 1175 4813 pertinent:
