3494 5142
856 131 980 181 -20-

141 311 302 364 Galilaeam.
330 309 538 363 Extendebatur
566 323 659 364 autem
680 329 770 378 usque
787 311 823 363 ad
842 310 887 361 Gi-

140 401 230 443 neam,
249 401 320 449 quae
346 381 449 433 dicitur
477 385 583 434 “vicus
607 385 637 434 in
662 382 820 434 confinibus
845 381 888 433 Sa·

140 456 243 506 mariae
259 465 287 505 et
299 453 392 519 magni
410 455 502 520 campi
520 456 572 506 sita
582 462 598 484 ³³
612 455 689 522 (Ant.
702 455 724 507 I.
737 453 799 514 XX,
812 454 838 514 6,
852 454 887 519 1).

140 526 175 577 111
193 525 343 578 Samariam
362 525 418 575 iam
437 525 548 577 saeculo
564 524 634 576 VIII
646 537 711 577 ante
724 525 775 578 Ch.
787 543 824 584 11.,
837 542 887 590 pro

141 596 273 649 Israelitis
301 597 332 647 in
356 597 545 662 captivitatem
566 596 719 657 abstractis,
737 596 831 648 coloni
844 595 888 646 ad·

141 669 218 720 ducti
237 679 303 719 sunt
321 667 356 718 de
374 667 491 719 urbibus
508 667 603 734 Syriae
616 679 644 720 et
653 668 825 733 Babyloniae
837 666 888 718 lin·

140 759 202 806 gua,
219 739 354 804 religione
376 750 404 790 et
418 739 543 791 moribus
561 740 647 791 alieni
667 741 694 808 (4
713 739 755 806 Rg
775 740 817 798 17,
836 739 888 798 24;

142 812 184 872 18,
203 812 258 878 34),
276 810 397 877 ideoque
409 810 473 876 plus
494 811 621 862 minu'sve
643 810 754 862 Iudaeis
771 808 887 861 hostiles

140 894 168 934 et
186 883 263 934 exosi
284 882 329 950 (cf.
342 881 402 938 Ecli
415 881 458 943 50,
471 883 505 932 28
515 881 566 942 ;Jo
577 883 603 942 4,
613 883 640 949 9)
652 901 658 932 :
670 900 704 934 ex
714 900 770 948 quo
781 881 887 932 factum

140 952 279 1019 estquod,
298 955 351 1004 etsi
369 953 422 1004 soli
438 965 538 1005 natura
557 965 585 1004 et
600 954 712 1018 ingenio
731 951 853 1004 Samaria
872 969 887 1002 a

140 1023 244 1076 Iudaea
271 1023 344 1075 nihil
363 1023 484 1085 differet,
502 1036 641 1090 segregata
653 1041 762 1090 semper
782 1023 889 1075 exstitit

140 1114 155 1146 a
175 1095 343 1147 Iudaeorum
361 1096 564 1147 consuetudine
582 1107 611 1147 et
629 1097 769 1147 societate.

176 1203 200 1253 3.
214 1203 399 1254 Tra-rancun
417 1202 550 1254 Hnnoms
568 1202 696 1254 Aarrran
715 1200 840 1253 Galilaea
859 1213 888 1252 et

141 1274 242 1325 Peraea
273 1273 424 1326 constabat.
452 1273 526 1326 Urbs
553 1285 647 1326 autem
676 1274 805 1340 princeps
829 1285 888 1324 erat

141 1344 266 1396 Tiberias
284 1345 319 1396 ad
338 1345 430 1396 lacum
449 1344 630 1396 Genezareth.
647 1343 772 1407 Galilaea
784 1356 887 1404 autem,

140 1435 211 1480 quae
225 1415 293 1467 olim
305 1415 542 1481 complectebatur
554 1417 694 1468 territoria
705 1415 784 1476 Aser,
796 1415 888 1482 Neph-

140 1486 219 1548 thali,
237 1487 364 1538 Zabulon
382 1499 411 1538 et
428 1499 536 1553 partem
554 1488 733 1554 praeeipuam
753 1488 887 1538 territorii

141 1558 275 1619 Issachar,
298 1558 500 1610 extendebatur
518 1577 534 1609 a
561 1577 659 1625 campo
680 1576 780 1623 magno
798 1575 887 1624 usque

141 1630 177 1681 ad
195 1629 332 1682 Libanum
352 1630 429 1697 (Ant.
447 1630 470 1682 I.
488 1630 522 1691 V,
536 1631 559 1691 1,
572 1631 636 1698 22);
654 1640 781 1694 tempore
793 1640 887 1690 autem

141 1701 245 1752 Christi
257 1701 372 1752 Domini
385 1701 497 1752 videtur
511 1702 680 1752 contraxisse
697 1700 816 1752 limitem
830 1718 888 1766 sep·

140 1771 336 1824 tentrionalem
358 1773 426 1823 citra
451 1771 540 1824 Cedes
554 1792 586 1823 :3
600 1771 705 1832 Kodes,
730 1779 887 1832 “castrum

139 1844 217 1895 iuxta
245 1842 405 1909 Iosephum,
429 1843 576 1908 Tyriorum
590 1851 615 1905 ”,
633 1842 888 1909 comprehendebat

140 1927 233 1966 tamen
253 1913 391 1966 Giscalam
404 1934 439 1964 Ξ
452 1914 569 1976 et-Gtsh,
583 1933 654 1981 quae
668 1914 771 1966 dicitur
785 1922 801 1945 “
811 1915 888 1981 oppi-

141 1986 239 2037 dulum
252 1984 392 2037 Galilaeae
405 1993 421 2016 ⁸⁸
429 1985 510 2054 (Bell.
520 1987 544 2038 I.
555 1986 603 2047 IV,
612 1988 638 2046 2,
650 1986 685 2052 1).
696 1985 741 2036 Ad
751 1986 887 2036 orientem

45 2119 49 2126 ι
139 2076 206 2109 1616
218 2057 298 2108 1111166
310 2068 368 2108 erat
377 2056 504 2109 Iordanis
514 2069 542 2109 et
554 2058 631 2109 lacus
647 2055 828 2117 Genezareth,
837 2056 888 2107 fre·

140 2140 258 2194 quenter
284 2127 440 2194 appellatus
468 2129 552 2181 etiarn
572 2137 588 2160 ‘⁶
607 2146 682 2179 mare
711 2126 887 2188 Galilaeae.”

142 2199 196 2266 (Mt
213 2201 239 2259 4,
259 2200 292 2249 18
310 2200 383 2266 616.)
402 2198 447 2250 Ad
465 2200 640 2251 occidentem
656 2198 779 2258 tandem,
792 2217 887 2250 versus

140 2270 309 2330 Phoenicen,
323 2281 462 2322 extremae
474 2271 558 2322 urbes
569 2281 649 2322 erant
661 2268 751 2322 Cabul
769 2281 797 2320 et
815 2269 887 2321 Baca

142 2342 187 2408 (cf,
206 2341 277 2393 Bell.
296 2341 319 2393 I.
338 2340 391 2401 III,
410 2343 436 2402 3,
463 2343 498 2408 1).
525 2342 711 2393 Dividebatur
737 2351 830 2392 autem
857 2343 887 2391 in

141 2412 294 2482 Galilaeam
306 2412 468 2464 inferiorem
480 2425 509 2464 61
521 2415 693 2479 superiorem
703 2423 731 2464 et
742 2413 887 2478 utriusque

140 2484 229 2544 limes,
255 2485 333 2534 iuxta
360 2483 479 2535 Talmud
509 2483 678 2552 (Neubauer,
696 2484 714 2534 l.
726 2501 758 2551 6.,
767 2501 794 2548 p.
815 2484 886 2550 178),

139 2567 199 2607 erat
217 2555 426 2621 Capharanania
445 2573 480 2606 Ξ
499 2555 683 2620 Kefr‘Anon,
696 2555 769 2606 linea
782 2554 889 2606 scilicet

139 2638 213 2678 recta
234 2644 305 2691 quae
330 2626 365 2678 ab
389 2626 459 2678 urbe
477 2626 553 2678 Acco
576 2625 754 2693 proficiscens
772 2624 888 2676 Ramam

140 2709 169 2750 et
186 2697 290 2764 Saphet
307 2698 426 2762 attingit.

175 2787 298 2846 Panare,
330 2805 414 2852 quam
442 2787 626 2854 evangelistae
651 2795 667 2817 “
689 2797 764 2838 trans
796 2785 888 2837 Iorda-

139 2876 204 2909 nem
215 2867 230 2888 '³
251 2857 305 2926 (Mt
314 2859 340 2918 4,
352 2858 393 2918 15,
404 2858 437 2909 25
448 2860 510 2926 616.)
521 2870 631 2918 vocant,
642 2859 720 2909 iuxta
735 2856 886 2923 Iosephum

141 2929 222 2996 (Bell.
235 2930 259 2981 I.
272 2927 325 2989 Ill,
338 2929 363 2995 3,
377 2930 403 2997 3)
425 2938 440 2961 “
453 2931 484 2980 in
501 2929 706 2995 longitudinem
725 2947 741 2981 a
760 2927 887 2979 Machae-

138 3012 221 3052 runte
239 3000 275 3050 ad
294 2999 410 3061 Pellam,
427 3002 458 3051 in
479 3000 657 3052 latitudinem
674 3018 740 3051 vero
763 3018 778 3050 a
797 2998 887 3050 Phila-

139 3071 252 3137 delphia
270 3071 472 3124 extendebatur
490 3090 579 3138 usque
591 3071 626 3123 ad
638 3071 795 3122 Iordanem.
810 3069 887 3122 Finis

138 3161 203 3208 ergo
222 3142 393 3208 aquilonaris
414 3155 474 3195 erat
499 3143 594 3204 Pella;
622 3141 803 3194 occidentalis
831 3140 887 3193 Ior-

139 3213 228 3274 danis,
255 3214 446 3266 meridionalis
473 3214 624 3275 Moabitis;
652 3214 794 3266 orientalis
818 3231 885 3266 1616

138 3284 250 3345 Arabia,
267 3284 428 3336 Esebonitis‘
438 3286 481 3353 (?),
495 3285 691 3352 Philadelphia
703 3297 732 3337 et
744 3285 847 3338 Gerasa
861 3293 885 3336 ³⁸.

138 3355 363 3421 Philadelphiam
381 3367 475 3408 tamen
494 3369 522 3409 et
541 3357 681 3418 Gerasam,
699 3375 756 3408 non
775 3356 810 3408 ad
838 3356 886 3408 Pe·

138 3445 231 3479 raeam
249 3428 361 3494 proprie
380 3427 493 3489 dictam,
503 3428 552 3480 sed
571 3429 606 3480 ad
626 3428 789 3495 Decapolim
804 3429 886 3494 perti·

138 3499 255 3550 tinuisse
272 3509 371 3550 notum
387 3511 436 3550 est.

174 3610 199 3660 4.
212 3609 396 3662 Trrnaacura
415 3610 640 3674 Purcrrr1,quae
653 3609 763 3660 easdem
776 3611 885 3676 provin-

138 3681 194 3731 cias
202 3680 439 3745 complectebatur
447 3698 516 3746 quas
525 3682 556 3731 in
566 3680 619 3732 hac
628 3680 707 3746 plaga
714 3680 884 3732 HerodesM.

137 3753 167 3802 in
180 3751 337 3802 dominium
350 3752 494 3812 habuerat,
512 3769 613 3817 nempe
631 3751 808 3813 Batanaeam,
822 3753 885 3803 Tra-

137 3822 319 3885 chonitidem,
338 3822 542 3883 Auranitidem,
561 3822 769 3874 Gaulanitidem
791 3835 819 3874 et
837 3824 885 3875 Pa·

137 3893 264 3954 neadem,
282 3894 479 3960 compendiose
498 3894 613 3960 quidem
631 3912 689 3945 non
707 3905 801 3945 tamen
826 3913 884 3961 per-

136 3983 265 4031 perama
294 3983 314 4016 s.
343 3965 417 4017 Luca
446 3965 621 4026 describitur,
648 3965 698 4017 ubi
721 3965 884 4032 Philippum

137 4036 207 4087 dicit
223 4044 238 4067 ‘⁶
263 4037 430 4088 tetrarcham
449 4036 655 4088 Trachonitidis
673 4048 702 4088 61
720 4037 846 4088 Ituraeae
868 4045 883 4067 '³

138 4109 174 4174 (3,
187 4108 223 4175 1).
309 4135 311 4140 ·

171 4197 321 4249 lausanna
340 4209 442 4258 autem,
461 4198 496 4249 de
515 4199 618 4265 quain
637 4197 780 4264 evangelio
793 4202 883 4250 sermo

136 4279 186 4329 661,
213 4286 271 4319 11611
302 4286 361 4320 6666
391 4268 530 4320 Ituraeam
561 4270 817 4336 septentrionalem,
847 4271 882 4322 ad

135 4358 219 4405 quam
242 4340 420 4405 pertinebant
444 4340 575 4401 Libanus,
602 4340 732 4407 planities
760 4341 882 4407 Massyas

134 4423 163 4462 et
180 4410 360 4463 Antilibanus
376 4429 440 4462 cum
453 4411 587 4473 Hermon,
600 4412 649 4463 sed
661 4412 882 4474 meridionalem,

134 4499 218 4547 quam
246 4483 454 4534 constituebant
472 4483 574 4534 Ulatha
597 4503 631 4532 z
650 4483 704 4534 ard
721 4483 836 4535 ‹sl-Halo
855 4496 883 4535 et

134 4553 247 4613 Paneas,
263 4565 292 4604 61
312 4556 393 4605 6111116
411 4554 479 4605 urbs
505 4557 635 4621 princeps
662 4567 721 4606 erat
749 4555 881 4606 Caesarea

133 4623 267 4691 Philippi,
285 4625 439 4692 probabilis
457 4638 499 4677 est
517 4628 663 4678 sententia.

169 4713 364 4766 Tnacnontrts
383 4733 457 4775 1616,
471 4716 523 4766 6161
542 4733 645 4766 nomen
655 4727 697 4767 est
707 4733 803 4780 reapse
822 4733 882 4782 pro·

942 309 1034 375 prium
1062 309 1182 374 regionis
1210 325 1331 374 asperae,
1358 307 1499 374 lapidibus
1528 307 1646 360 obrutae
1667 320 1697 359 et

943 378 1093 445 spleluncis
1112 378 1288 439 abundantis,
1307 397 1378 444 quae
1401 397 1477 430 nunc
1505 379 1635 444 eILegia
1655 380 1696 431 di-

942 452 1015 501 citur
1034 462 1062 502 et
1079 452 1159 501 cuius
1171 449 1342 516 metropolis,
1351 461 1384 502 ut
1391 451 1588 516 inscriptiones
1602 461 1696 502 osten-

942 522 1013 572 dunt
1042 520 1083 590 (C.
1102 521 1124 573 I.
1145 522 1192 573 Gr.
1213 541 1240 572 n.
1269 521 1350 589 4451)
1379 533 1438 573 erat
1464 521 1576 573 Phaene
1598 542 1634 571 :z
1654 522 1695 573 el·

942 592 1084 657 Musmije,
1115 593 1190 660 apud
1221 611 1241 644 6.
1273 592 1376 644 Lucam
1400 604 1488 644 totam
1512 593 1695 644 tetrarchiam

942 664 1065 724 denotat,
1083 664 1159 730 quod
1178 664 1293 730 quidem
1311 675 1353 715 est
1366 681 1452 730 genus
1465 663 1606 715 scribendi
1618 682 1695 716 com·

941 753 1026 786 mune
1035 736 1090 800 ipsi
1099 735 1229 801 Iosepho,
1241 736 1290 801 qui
1303 734 1454 800 aliquando
1466 735 1543 802 (Ant.
1552 735 1575 788 I.
1585 733 1695 795 XVIII,

943 806 968 866 5,
991 808 1019 874 4)
1038 806 1164 872 loquitur
1189 806 1224 857 de
1250 814 1266 836 ‘⁶
1280 805 1447 872 Philippo...
1471 805 1609 858 tetrarcha
1628 807 1696 857 Tra-

942 877 1125 939 chonitidis³⁶,
1135 878 1187 929 etsi
1194 877 1257 928 aliis
1264 877 1333 928 locis
1343 877 1378 928 ad
1388 878 1506 929 eandem
1512 877 1695 929 tetrarchiam

941 948 1138 1000 referatetiam
1151 948 1328 1009 Batanaeam‚
1351 948 1546 1000 Auranitidem
1566 949 1650 1016 (Bell.
1670 948 1694 1000 I.

941 1018 994 1142 (ἐξ)
995 1020 1032 1152 161,
1052 1019 1326 1159 33,1)(laulanitidem
1348 1031 1377 1071 et
1394 1020 1551 1072 Paneadem
1572 1019 1650 1088 (Ant.
1670 1020 1694 1071 I.

976 1179 1139 1240 Baranam,
1157 1181 1253 1246 inquo
1272 1181 1386 1231 nomine
1404 1179 1524 1231 habetur
1541 1180 1692 1245 vestigium

941 1252 1063 1302 nominis
1080 1250 1179 1302 Basan.
1207 1250 1298 1302 Basan
1325 1261 1419 1302 tamen
1437 1262 1525 1302 totam
1546 1252 1693 1316 regionem

942 1321 1103 1388 designabat
1121 1339 1193 1388 quae
1212 1333 1254 1374 est
1271 1323 1344 1373 inter
1365 1321 1490 1373 Hermon
1508 1333 1537 1373 et
1558 1321 1694 1383 Iarmuk;

941 1393 1079 1445 Batanaea
1108 1411 1174 1444 vero
1202 1393 1290 1444 solam
1314 1394 1455 1458 regionem
1485 1393 1591 1446 indicat
1619 1411 1694 1458 quae

942 1475 985 1516 est
1010 1465 1085 1516 inter
1112 1463 1340 1516 Trachonitidem
1367 1475 1396 1515 et
1416 1462 1491 1515 nabr
1515 1463 1647 1517 el-Allon
1665 1476 1695 1515 et

941 1553 1012 1601 quae
1028 1535 1113 1587 hodie
1132 1533 1282 1601 ert-Nupta
1300 1535 1464 1601 appellatur.

976 1623 1137 1676 Auramrts
1156 1623 1242 1675 fuisse
1259 1625 1371 1676 videtur
1385 1625 1461 1689 regio
1476 1643 1548 1690 quae
1561 1626 1694 1678 extende·

941 1695 1023 1746 batur
1041 1695 1077 1746 ad
1096 1694 1241 1746 meridiem
1260 1695 1467 1746 Trachonitidis
1494 1707 1523 1747 61
1547 1715 1619 1762 quae
1647 1697 1693 1748 vel

941 1777 1032 1818 totum
1050 1765 1132 1832 gebel
1149 1766 1280 1827 Hauron,
1299 1766 1343 1818 161
1356 1763 1453 1818 saltem
1469 1767 1557 1833 ipsius
1570 1767 1693 1820 declivia

941 1837 1125 1890 occidentalia
1143 1849 1172 1889 et
1190 1837 1321 1889 australia
1340 1838 1603 1904 comprehendebat.

977 1925 1154 1978 6161111116
1181 1925 1294 1978 tandem
1324 1945 1396 1993 quae
1417 1926 1453 1978 ab
1480 1927 1550 1978 urbe
1578 1927 1694 1980 Gaulon

943 1997 993 2066 (Dt
1010 2000 1036 2058 4,
1046 1999 1098 2059 433
1115 1998 1145 2054 Js
1165 1998 1208 2058 20;
1227 1999 1253 2066 8)
1267 2016 1370 2049 nomen
1380 2009 1543 2064 sumpserat,
1561 2000 1694 2052 extende·

942 2068 1693 2137 baturadorientemlacusGeuezarethfortasseusque

941 2141 976 2192 ad
996 2141 1071 2191 nchr
1087 2139 1224 2192 et-Attan.
1238 2140 1318 2193 quta
1337 2140 1488 2207 Iosephum
1509 2141 1592 2208 (Bell.
1608 2142 1631 2194 I.
1643 2142 1693 2203 IV,
1738 2144 1740 2160 '

943 2213 967 2270 l,
979 2213 1015 2276 1),
1029 2210 1251 2277 distinguebatur
1262 2214 1292 2263 in
1306 2211 1514 2264 Gaulanitidem
1527 2212 1692 2266 inferiorem

942 2294 970 2334 et
989 2285 1169 2349 superiorem.

978 2368 1184 2421 1111611666.
1197 2370 1309 2421 Praeter
1323 2363 1496 2421 Peraeam'et
1505 2372 1633 2436 regiones
1652 2383 1691 2422 16-

940 2438 1077 2490 trarchiae
1097 2439 1221 2507 Philippi
1230 2440 1312 2501 ultra,
1326 2441 1473 2492 Iordanem
1488 2441 1693 2493 extendebatur
1739 2443 1740 2452 ¹

941 2511 1112 2562 territorium
1141 2512 1193 2563 sub
1223 2511 1328 2563 directo
1356 2523 1384 2563 et
1410 2529 1540 2578 supremo
1570 2514 1692 2579 imperio

941 2581 1132 2633 Romanorum
1150 2583 1271 2635 existens
1283 2594 1311 2634 et
1323 2583 1407 2648 legati
1419 2583 1512 2647 Syriae
1529 2583 1692 2649 vigilantiae

941 2653 1141 2706 concreditum.
1151 2654 1218 2705 Tale
1231 2655 1402 2705 territorium
1412 2666 1472 2706 erat
1481 2654 1691 2708 confoederatio

941 2724 1078 2789 quaedam
1096 2724 1280 2791 plurimarum
1308 2726 1451 2777 civitatum
1477 2726 1690 2778 hellenistarum

942 2826 974 2833 -
995 2794 1030 2846 ab
1047 2797 1129 2847 initio
1149 2796 1246 2848 decem
1262 2808 1341 2848 erant
1360 2828 1402 2857 —,
1424 2815 1495 2863 quae
1517 2815 1592 2849 anno
1611 2799 1646 2849 64
1665 2817 1690 2848 a.
1739 2803 1740 2814 ¹

941 2865 992 2918 Ch.
1012 2885 1040 2918 11.
1058 2885 1074 2918 6
1093 2867 1219 2919 dominio
1247 2867 1415 2919 Iudaeorum
1443 2868 1609 2930 subtractae,
1637 2872 1691 2920 sin·
1739 2873 1740 2938 J

940 2937 1082 3002 gularibus
1100 2939 1209 2990 iuribus
1227 2953 1256 2996 61
1274 2951 1347 2991 66116
1360 2941 1521 2991 autonomia
1536 2941 1691 2992 instructae
1739 2941 1740 2990 1

940 3020 1026 3062 erant.
1046 3009 1158 3062 Praeter
1175 3010 1299 3076 linguam
1318 3021 1346 3062 et
1373 3009 1511 3062 culturam
1538 3013 1622 3063 etiam
1650 3014 1692 3062 in-

940 3081 1036 3131 stituta
1052 3080 1145 3132 civilia
1164 3094 1192 3133 et
1202 3082 1329 3147 religiosa
1339 3099 1500 3147 graecorum
1510 3095 1691 3149 susceperant

940 3163 969 3202 et
986 3151 1171 3204 ostentabant.
1189 3153 1291 3205 Earum
1309 3154 1423 3204 nomina
1442 3164 1526 3204 sunt:

994 3223 1018 3273 1.
1037 3221 1197 3285 Damascus,
1216 3243 1288 3290 quae
1300 3225 1437 3290 possessio
1450 3224 1523 3276 facta
1536 3224 1690 3276 6611161116-

939 3311 1040 3344 116111111
1058 3294 1093 3345 ab
1112 3313 1186 3346 anno
1205 3296 1239 3346 64
1258 3313 1282 3346 a.
1302 3294 1352 3346 Ch.
1362 3295 1398 3346 ad
1412 3296 1445 3346 38
1459 3314 1486 3361 p.
1500 3295 1560 3356 Ch.,
1574 3297 1689 3361 quando

938 3365 969 3414 in
1000 3365 1156 3417 dominium
1188 3366 1289 3418 Aretae
1316 3365 1357 3418 IV
1382 3367 1454 3431 regis
1481 3365 1688 3418 Nabataeorum
1739 3407 1740 3410 .

938 3437 1016 3487 venit
1035 3436 1081 3505 (cf.
1101 3437 1116 3487 2
1137 3437 1191 3489 Cor
1211 3439 1253 3499 11,
1279 3439 1333 3506 32).
1363 3437 1454 3504 Caput
1481 3449 1541 3490 erat
1567 3440 1689 3504 regionis

938 3506 1132 3559 Damascenes.
1200 3546 1202 3550 .

992 3579 1016 3628 2.
1036 3579 1196 3644 Hippus:
1215 3579 1297 3645 qalot
1314 3580 1433 3632 el·Hosn
1451 3591 1536 3646 caput
1553 3583 1687 3632 territorii

938 3648 1082 3715 Hippenes
1100 3669 1116 3700 a
1134 3650 1258 3716 Pompeo
1267 3651 1384 3703 liberata
1402 3653 1520 3712 transiit,
1532 3653 1689 3717 imperante

938 3720 1073 3785 Augusto,
1082 3723 1113 3772 in
1121 3721 1278 3774 dominium
1288 3723 1409 3776 Herodis
1419 3722 1467 3784 M,
1476 3741 1533 3790 quo
1544 3722 1688 3784 defuncto,

938 3792 968 3842 in
988 3791 1209 3844 foederationem
1229 3793 1450 3860 decapolitanam
1468 3794 1560 3846 rediit.

991 3864 1015 3913 3.
1027 3863 1210 3930 Scythopolis,
1220 3867 1302 3916 unica
1313 3884 1347 3917 ex
1356 3865 1474 3917 urbibus
1485 3864 1687 3931 decapolitanis

938 3935 1006 3984 citra
1024 3935 1172 3986 Iordanem
1192 3938 1244 3988 sita
1271 3955 1371 4003 magno
1390 3949 1449 3988 erat
1466 3937 1592 4002 praedita
1609 3940 1687 3988 terri-

937 4007 1010 4056 torio
1030 4007 1112 4072 eique
1142 4007 1198 4057 vici
1216 4018 1244 4059 et
1263 4007 1346 4059 villae
1375 4026 1433 4058 non
1459 4009 1551 4074 pauci.
1569 4007 1687 4061 subicie-
1741 4009 1742 4040 l

938 4075 1048 4130 bantur.
1072 4076 1146 4129 Urbs
1174 4089 1234 4130 erat
1262 4081 1454 4144 antiquissima
1477 4090 1515 4141 ,et
1532 4079 1688 4140 notissima,

938 4149 1053 4213 eiusque
1073 4166 1093 4199 6.
1113 4148 1234 4201 Litterae
1252 4161 1281 4201 et
1299 4152 1414 4215 antiqua
1432 4160 1613 4200 monumenta
1632 4151 1686 4203 sub

937 4220 1051 4340 pontiae
1078 4219 1201 4271 Bethsan
1220 4240 1255 4271 z·
1273 4221 1387 4296 Beiaan,
1413 4221 1574 4287 frequenter
1600 4222 1685 4274 verba

949 4301 1051 4342 66111111.

990 4364 1015 4412 4.
1034 4361 1112 4413 Pella
1130 4381 1166 4411 Ξ
1185 4362 1317 4428 Tabaqot
1334 4362 1420 4414 Fahtl
1431 4365 1462 4414 111
1475 4363 1566 4414 limite
1579 4375 1688 4430 septen·
1741 4361 1742 4400 ἶ

936 4433 1049 4484 11166611
1062 4433 1190 4494 Peraeae,
1202 4452 1274 4499 quae
1293 4434 1328 4486 ab
1346 4433 1506 4486 Alexandro
1519 4434 1558 4485 M.
1572 4435 1685 4488 condita
1741 4477 1742 4480 .

936 4503 1089 4564 dicebatur,
1119 4505 1165 4556 vel
1183 4504 1281 4557 saltem
1300 4506 1355 4556 fuit
1373 4507 1460 4571 ipsius
1488 4506 1589 4557 natalis
1607 4506 1687 4559 urbis

934 4576 1049 4627 nomine
1066 4575 1202 4627 decorata.

988 4645 1012 4696 5.
1032 4645 1141 4698 Gadara
1167 4667 1202 4697 :3
1229 4646 1349 4698 Maloeis.
1380 4646 1519 4699 Gadaram
1547 4646 1685 4714 Iosephus

934 4717 1016 4782 (Bell.
1031 4717 1054 4769 I.
1071 4717 1119 4779 IV,
1132 4719 1157 4778 7,
1171 4718 1196 4785 3)
1217 4717 1395 4784 metropolim
1414 4719 1532 4770 Peraeae
1552 4719 1685 4786 appellat,

1739 4793 1742 4884 l
