3494 5142
840 223 961 272 *18-
1020 230 1021 234 ’

129 415 204 452 trans
223 401 379 453 Iordanem.
390 401 468 452 Filiis
478 401 600 466 denique
613 399 716 451 Merari
729 399 877 450 duodecim

131 473 213 524 urbes
232 472 312 525 datae
331 484 396 524 sunt
415 473 449 524 de
470 471 600 523 tribubus
623 471 732 532 Ruben,
761 469 822 522 Gad
851 482 879 521 et
905 527 907 534 ,

130 543 258 596 Zabulon
278 543 318 610 (10
338 545 380 604 21,
392 544 453 610 1-8).
905 542 907 557 “

166 614 216 666 Ex·
226 615 302 666 hisce
321 615 480 666 civitatibus
498 615 617 666 leviticis
632 624 727 665 autem
739 624 879 678 separatae

133 699 197 738 sunt
216 705 263 737 sex
281 686 365 738 urbes
377 686 477 752 refugii
496 703 545 737 seu
561 686 750 749 fugitivorum,
763 701 881 749 quarum

133 769 197 818 tres,
207 756 296 808 Cedes
308 759 339 808 in
351 756 477 808 Galilaea
486 758 589 808 montis
598 755 761 822 Nephthali,
771 755 881 807 Sichem

133 832 163 879 in
181 839 277 879 monte
295 828 427 894 Ephraim
446 841 474 879 et
498 827 614 878 Hebron
633 829 663 877 in
682 839 777 878 monte
803 826 882 885 luda,

134 911 213 951 erant
231 901 299 951 citra
319 900 484 959 Iordanem;
503 899 627 964 reliquae
645 916 720 957 vero,
739 897 827 948 Bosor
847 897 882 948 de

135 971 210 1022 tribu
229 971 338 1031 Ruben,
357 971 479 1022 Ramoth
497 972 527 1020 in
546 969 652 1020 Galaad
671 969 795 1020 detribu
812 968 882 1027 Gad,

135 1053 162 1093 et
181 1042 292 1094 Gaulon
310 1045 341 1094 in
359 1042 449 1093 Basan
469 1042 503 1093 de
522 1041 597 1092 tribu
616 1039 752 1100 Manasse,
765 1042 882 1091 erantin

135 1114 291 1180 Palaestina
309 1113 438 1165 orientali
459 1113 499 1178 (Js
518 1113 560 1172 20,
581 1113 642 1179 l·8).

171 1184 300 1250 Denique
323 1185 404 1237 losue
429 1184 488 1235 filio
516 1183 582 1234 Nun
610 1183 673 1234 data
702 1193 743 1233 est
767 1183 796 1232 in
822 1200 883 1247 pos·

136 1257 286 1308 sessionem
304 1255 461 1307 Thamnath
481 1255 562 1306 Saraa
580 1256 610 1304 in
630 1265 724 1304 monte
753 1253 883 1319 Ephraim

137 1327 177 1394 (Js
197 1329 238 1385 19,
258 1328 357 1395 49-50),
375 1327 471 1393 ibique
491 1326 634 1378 habitavit.

172 1436 254 1486 3.]10
273 1451 387 1487 cernuis
409 1435 603 1486 Parnasum
627 1449 830 1485 nrvtsronrnus.
852 1465 883 1470 -

136 1507 195 1559 Etsi
204 1508 305 1558 divisio
315 1509 401 1558 totius
414 1506 499 1557 Israel
510 1507 540 1556 in
555 1506 644 1557 tribus
663 1507 770 1556 ratione
789 1504 884 1556 ethno-

136 1579 267 1644 graphica
279 1578 329 1629 diu
341 1579 493 1644 permansit
506 1588 534 1628 et
546 1595 561 1628 a
571 1577 746 1643 principibus
759 1575 884 1626 tribuum

138 1649 183 1716 (01.
202 1650 257 1701 Nm
272 1651 296 1710 1,
309 1651 343 1700 44
358 1652 439 1717 sqq),
451 1649 512 1714 lege
522 1647 706 1699 haereditaria
719 1647 764 1716 (01.
775 1646 829 1697 Nm
841 1647 884 1706 36,

137 1723 163 1790 2)
184 1733 212 1772 et
229 1720 332 1773 tabulis
351 1720 534 1786 genealogicis
549 1719 594 1787 (01.
609 1721 622 1770 l
637 1718 672 1770 Es
686 1720 711 1779 2,
724 1719 768 1785 62)
786 1718 884 1770 sedulo

137 1792 275 1844 custodita
292 1803 342 1852 est,
361 1810 418 1842 non
437 1791 522 1841 modo
547 1802 610 1857 post
634 1792 817 1842 constitutum
843 1808 882 1839 re-

136 1882 230 1932 gnum,
243 1863 292 1915 sed
310 1865 394 1914 etiam
413 1874 538 1928 tempore
557 1862 649 1913 exsilii
668 1861 720 1928 (Tb
741 1863 764 1921 1,
784 1863 817 1920 9;
836 1859 884 1910 Εο1

138 1936 162 1994 2,
182 1936 197 1984 5
208 1954 215 1995 ;
237 1936 249 1986 1
270 1933 305 1985 Bs
321 1936 346 1995 8,
359 1935 395 2002 l),
405 1936 462 1984 imo
472 1933 645 1998 temporibus
654 1950 767 1998 quoque
780 1932 883 1984 Christi

139 2006 186 2073 (Le
206 2007 230 2066 2,
254 2006 305 2065 36;
324 2005 367 2055 Mt
387 2007 428 2065 19,
449 2006 492 2072 28)
507 2016 535 2056 et
547 2004 747 2070 Apostolorum
762 2004 826 2072 (Rm
843 2005 884 2063 ll,

140 2079 171 2137 1;
195 2077 239 2143 Ap
258 2078 283 2138 7,
303 2077 318 2127 5
339 2078 421 2143 etc.);
439 2078 547 2127 ratione
564 2075 763 2141 topographica
782 2076 883 2126 sensim

137 2147 283 2209 obsolevit,
309 2149 366 2199 sive
393 2149 468 2212 quia,
495 2159 627 2212 regnante
654 2147 754 2205 David,
781 2146 884 2197 limites

138 2219 309 2272 Palaestinae
339 2218 448 2270 dilatati
471 2230 544 2279 sunt,
567 2217 646 2285 (cf.2
676 2217 718 2283 Rg
737 2219 762 2277 8,
782 2218 796 2268 3
820 2220 883 2284 010.)

138 2292 195 2342 sive
218 2292 380 2357 praesertim
407 2291 482 2355 quia,
510 2289 658 2341 Salomone
685 2300 713 2340 et
739 2285 884 2340 Roboamo

139 2361 257 2428 regibus,
279 2361 350 2412 aliae
372 2362 523 2412 divisiones
544 2361 731 2420 invaluerunt,
750 2378 821 2426 quae
840 2359 884 2409 vel

138 2433 372 2484 administrationi
392 2434 432 2484 rei
450 2432 579 2498 publicae
598 2443 626 2482 et
644 2431 778 2482 solutioni
800 2430 885 2482 tribu·

138 2516 230 2556 torum
258 2505 344 2569 magis
371 2503 530 2555 conferrent
557 2514 585 2554 et
613 2503 812 2562 satisfacerent,
841 2501 884 2550 vel

139 2576 294 2627 conditioni
313 2575 443 2641 politicae
463 2577 548 2626 satius
568 2574 778 2640 responderent.
910 2608 911 2637 ,

174 2646 301 2698 Iamvero
319 2646 450 2697 Salomon
468 2647 517 2697 rex
538 2647 576 2698 ita
604 2646 744 2697 ordinavit
770 2662 885 2708 regnum
910 2644 911 2663 ¹

140 2736 221 2768 suum
240 2729 272 2769 ut
298 2729 389 2769 totum
416 2719 445 2768 in
470 2717 619 2770 duodecim
648 2717 820 2767 divideretur
847 2732 886 2765 re·
910 2666 912 2783 )

139 2790 234 2854 giones
252 2808 268 2840 a
286 2790 404 2841 totidem
423 2788 569 2854 praefectis
582 2787 783 2854 gubernandas,
803 2788 841 2836 ita
856 2797 886 2835 ut
910 2786 912 2823 1

140 2860 263 2925 singulae
282 2861 396 2926 singulis
407 2861 549 2912 mensibus
561 2878 633 2925 quae
643 2860 796 2910 necessaria
808 2868 886 2907 erant
910 2857 912 2906 l

142 2950 190 2997 pro
218 2931 282 2982 aula
313 2934 387 2997 regia
416 2932 625 2998 suppeditarent
653 2931 678 2997 (3
700 2929 742 2994 113
760 2932 785 2988 4,
805 2930 886 2993 1-119).
911 2910 914 2961 l

140 3003 304 3068 Regionum,
322 3005 352 3053 in
371 3022 439 3069 quas
458 3015 525 3054 tunc
544 3002 631 3052 divisa
654 3013 696 3053 est
719 3013 800 3064 terra,
819 3001 887 3050 veri·

140 3074 268 3124 similiter
286 3073 355 3126 tales
375 3086 439 3125 sunt
461 3073 596 3125 ambitus:
815 3121 816 3124 ,
912 3095 913 3102 ¹

195 3146 218 3196 l.
238 3144 325 3196 Mons
339 3145 479 3211 Ephraim.

194 3218 218 3266 2.
238 3215 325 3282 Regio
344 3217 379 3267 ad
398 3217 572 3268 occidentem
598 3215 667 3266 Iuda
686 3227 714 3266 et
732 3215 887 3274 Beniamin,

140 3292 212 3340 circa
231 3287 401 3339 Bethsames.

194 3361 218 3410 3.
238 3359 427 3410 Occidentalis
445 3376 507 3425 pars
525 3358 615 3410 tribus
634 3358 704 3409 Iuda
726 3375 820 3410 versus
845 3357 888 3407 Se-

140 3430 262 3497 phelam.

194 3504 218 3551 4.
238 3501 324 3552 Saron
343 3521 358 3552 a
377 3500 504 3553 Carmelo
524 3501 558 3552 ad
578 3500 702 3567 Ioppem.

195 3573 218 3623 5.
237 3572 371 3624 Planities
391 3571 526 3624 Bsdrelon
543 3590 631 3638 usque
651 3571 772 3624 Bethsan
785 3583 812 3622 et
824 3572 889 3621 vici·

141 3647 186 3696 nia
205 3645 274 3695 eius.
726 3645 731 3655 ·

194 3716 218 3766 6.
250 3714 355 3765 Galaad
386 3715 528 3766 orientalis
559 3716 616 3766 sive
647 3726 721 3766 trans
744 3716 801 3764 sive
820 3715 888 3764 citra

141 3787 254 3837 labboc.
749 3836 752 3841 ,

195 3859 218 3908 7.
239 3856 345 3908 Galaad
358 3855 546 3916 occidentalis,
566 3874 598 3907 ea
617 3856 723 3908 scilicet
739 3873 802 3921 pars
816 3873 888 3919 quae

141 3929 207 3979 valli
225 3928 353 3979 Iordanis
372 3929 556 3994 propinquior
574 3938 615 3978 est
634 3939 661 3978 01
681 3928 816 3977 imminet.

194 4001 218 4050 8.
237 3999 321 4050 Terra
340 3999 502 4065 Nephthali.

194 4072 219 4123 9.
239 4071 322 4122 Terra
341 4071 419 4124 Aser.

178 4143 219 4193 10.
240 4142 384 4194 Territorii
403 4141 528 4194 Issachar
547 4159 610 4208 pars
628 4139 860 4206 septentrionalis.

179 4214 220 4264 11.
239 4213 385 4278 Reliquiae
404 4215 537 4264 territorii
557 4212 618 4264 Gad
631 4211 821 4264 meridionalis
834 4229 889 4260 una

141 4304 206 4336 aum
226 4297 297 4336 terra
316 4284 424 4335 Ruben.

180 4358 220 4406 12.
240 4357 322 4408 Terra
343 4356 497 4406 Beniamin.

968 399 1104 466 Tempore
1123 411 1216 451 autem
1229 399 1366 452 Roboami
1379 401 1484 452 factum
1496 413 1538 452 est
1554 401 1675 453 schisma
1692 424 1694 430 ’

934 483 963 522 01
981 470 1076 522 decem
1101 471 1192 522 tribus
1219 471 1254 522 ab
1279 473 1339 523 eius
1367 472 1540 524 subiectione
1568 491 1675 525 recessc

934 554 1009 602 runt,
1027 542 1117 594 electo
1134 542 1187 593 sibi
1206 561 1269 608 rege
1291 542 1464 594 leroboamo.
1490 543 1563 595 Hinc
1583 545 1685 596 divIsio

935 612 1016 678 longe
1036 615 1148 664 maioris
1171 616 1306 665 momenti
1329 616 1439 665 invecta
1458 626 1500 665 est
1519 617 1550 666 in
1568 634 1685 680 regnum

937 684 1006 735 Iuda
1025 695 1052 735 et
1070 703 1186 750 regnum
1206 685 1291 736 Israel
1312 685 1357 753 (01.
1378 686 1450 751 3113
1471 687 1512 746 12,
1533 688 1546 737 1
1568 689 1648 754 sqq.)

971 763 1098 829 Regnum
1118 764 1213 824 Israel,
1232 781 1346 828 regnum
1369 766 1453 815 etiam
1481 764 1613 830 Ephraim
1642 765 1685 816 vel

937 835 1075 887 Samariae
1096 835 1141 903 (cf.
1161 835 1200 886 Os
1220 836 1262 894 10,
1282 837 1307 902 7)
1337 835 1519 901 appellatum,
1537 839 1617 887 cuius
1636 848 1688 886 ter·

938 909 1007 958 mini
1026 906 1185 971 frequenter
1204 908 1381 958 insinuantur
1408 907 1501 958 verbis
1521 915 1564 958 “a
1587 907 1686 959 Bethel

938 979 973 1028 ad
992 978 1055 1029 Dan
1068 985 1083 1007 '³
1104 979 1129 1045 (3
1146 977 1192 1044 ’113
1212 979 1253 1037 12,
1274 979 1324 1038 29;
1344 980 1360 1028 4
1379 976 1428 1042 113.
1450 980 1491 1038 10,
1511 979 1565 1045 29),
1578 990 1688 1045 praeter

939 1050 1059 1100 mediam
1079 1060 1107 1100 et
1125 1048 1370 1114 septentrionalem
1389 1048 1573 1101 Palaestinam
1595 1051 1689 1100 010101-

939 1121 1076 1179 11011100111,
1089 1120 1248 1187 possidebat
1258 1121 1330 1171 ultra
1344 1119 1491 1171 Iordanem
1503 1129 1605 1171 terram
1616 1139 1688 1186 quac

939 1211 955 1242 a
971 1191 1048 1257 Syria
1066 1191 1195 1243 Damasci
1214 1191 1415 1242 extendebatur
1434 1209 1523 1256 usque
1541 1191 1688 1243 ad'Moab.

939 1262 1024 1314 Moab
1052 1265 1112 1329 ipse
1139 1281 1155 1314 a
1183 1262 1356 1328 temporibus
1383 1262 1475 1314 David
1502 1265 1527 1330 (2
1553 1262 1641 1328 1138,
1661 1265 1687 1324 2)

938 1334 1050 1399 regibus
1069 1333 1154 1385 lsrael
1173 1333 1314 1384 subiectus
1328 1333 1371 1384 vel
1385 1334 1548 1385 tributarius
1565 1345 1625 1384 erat
1643 1335 1688 1395 (01.

975 1484 1063 1550 Regni
1083 1484 1168 1535 Israel
1186 1485 1269 1535 urbes
1288 1486 1378 1548 regiae
1392 1485 1640 1549 fuerunttempote
1651 1484 1689 1533 Ie·

938 1556 1065 1607 roboami
1083 1556 1106 1615 1,
1134 1555 1244 1606 Sichem
1272 1556 1297 1622 (3
1328 1555 1369 1619 113
1396 1555 1437 1614 12,
1457 1555 1501 1623 25)
1529 1566 1557 1605 et
1584 1554 1688 1604 Thersa

940 1629 965 1688 (3
986 1626 1089 1692 Rg'14,
1110 1628 1172 1694 17);
1199 1639 1330 1692 regnante
1359 1645 1424 1676 vero
1454 1626 1542 1684 Amri,
1566 1625 1688 1676 Samaria

1731 859 1733 966 1

940 1700 965 1766 (3
986 1698 1028 1764 113
1048 1698 1090 1758 16,
1110 1699 1163 1764 23),
1183 1716 1266 1764 quam
1286 1697 1382 1748 Achab
1405 1715 1467 1747 cum
1493 1697 1595 1748 1001001
1617 1715 1690 1746 com·
1735 1747 1736 1766 2

939 1771 1056 1821 mutavit
1077 1771 1102 1834 (3
1123 1769 1164 1834 113
1185 1771 1226 1828 18,
1246 1769 1300 1836 45).

974 1850 1101 1914 Regnum
1126 1848 1309 1900 meridionale
1334 1867 1382 1899 seu
1402 1846 1480 1906 Iuda,
1500 1849 1580 1897 cuius
1606 1859 1689 1913 caput

940 1920 995 1972 fuit
1013 1920 1172 1980 Ierusalem,
1185 1919 1308 1985 possedit
1317 1930 1426 1985 praeter
1435 1920 1606 1969 territorium
1620 1917 1689 1969 Inda

942 2004 970 2044 et
983 1992 1094 2043 Simeon
1107 1991 1190 2042 urbes
1200 1991 1333 2057 plurimas
1345 1992 1375 2040 in
1388 1991 1528 2040 territorio
1542 1989 1690 2040 Beniamin
1736 1985 1737 1992 ¹

942 2076 970 2114 et
988 2064 1059 2123 Dan,
1078 2081 1178 2128 nempe
1197 2065 1226 2112 in
1246 2062 1392 2113 Beniamin
1414 2072 1501 2111 totam
1515 2061 1624 2126 plagam
1638 2080 1691 2110 me-

942 2136 1077 2186 ridianam
1095 2135 1121 2200 (2
1141 2134 1193 2184 Par
1213 2134 1255 2193 11,
1276 2135 1328 2200 10),
1346 2135 1376 2183 in
1395 2131 1457 2182 Dan
1476 2143 1569 2182 autem
1592 2131 1690 2182 saltem

941 2209 1066 2257 civitates
1094 2204 1175 2258 Saraa
1204 2218 1231 2256 et
1259 2204 1369 2262 Aialon,
1401 2221 1473 2268 quae
1501 2221 1516 2252 0
1544 2202 1690 2254 Roboamo

1736 2029 1738 2128 1

940 2279 1064 2328 munitae
1083 2277 1214 2326 dicuntur
1237 2277 1262 2344 (2
1282 2276 1335 2326 Par
1360 2277 1401 2335 11,
1426 2275 1478 2341 10).
1507 2272 1528 2323 Ε
1556 2292 1692 2325 converso
1736 2335 1737 2338 Ἴ

940 2351 969 2401 in
989 2348 1106 2414 Sephela
1126 2360 1154 2398 et
1177 2364 1265 2412 usque
1293 2347 1328 2398 ad
1357 2364 1432 2397 mare
1460 2346 1598 2396 dominati
1627 2358 1692 2396 sunt
1736 2349 1737 2360 ¹

940 2420 1092 2470 Philistaei.
1113 2420 1267 2477 Praeterea,
1292 2418 1389 2468 saltem
1417 2435 1505 2481 usque
1533 2416 1568 2467 ad
1599 2415 1691 2466 loram

939 2509 1031 2556 regern
1043 2490 1088 2558 (01.
1101 2491 1169 2555 4113
1179 2491 1204 2548 8,
1218 2491 1272 2555 20),
1283 2489 1406 2554 possedit
1424 2489 1508 2538 etiam
1527 2487 1692 2538 Idumaeam

940 2581 988 2614 seu
1008 2561 1193 2626 montesSeir
1212 2561 1255 2610 vel
1286 2560 1382 2619 Edom,
1410 2570 1498 2610 totam
1527 2559 1636 2610 scilicet
1655 2579 1693 2610 re·

940 2636 1050 2699 gionem
1072 2645 1232 2684 montanam
1251 2650 1322 2697 quae
1341 2649 1357 2681 0
1375 2632 1445 2680 mari
1464 2629 1578 2681 Mortuo
1600 2642 1693 2681 exten-

941 2705 1017 2756 ditur
1041 2723 1129 2770 usque
1157 2704 1192 2754 ad
1220 2705 1312 2754 sinum
1339 2702 1528 2752 Aelaniticum
1556 2713 1585 2752 et
1612 2703 1693 2752 cuius

941 2778 1066 2827 civitates
1085 2775 1249 2841 praecipuae
1268 2773 1382 2824 fuerunt
1400 2772 1481 2824 Petra
1500 2790 1549 2824 seu
1571 2771 1636 2824 Sela
1646 2785 1694 2822 aut
1738 2823 1739 2830 ,

941 2847 1084 2899 lechtehel
1114 2849 1140 2914 (4
1159 2846 1201 2912 Rg
1221 2847 1262 2904 14,
1286 2847 1322 2912 1),
1351 2844 1471 2894 Phunon
1498 2843 1563 2909 (Nm
1583 2844 1628 2903 33,
1648 2846 1693 2906 42)

942 2919 990 2969 11111
1009 2930 1088 2969 erant
1106 2917 1282 2969 metallorum
1307 2916 1438 2974 fodinae;
1466 2915 1551 2965 Bosra
1572 2914 1631 2980 (Gn
1652 2917 1695 2972 36,
1738 2909 1740 2958 1

943 2991 993 3049 33;
1014 2991 1040 3040 10
1062 2991 1104 3049 34,
1124 2989 1139 3040 6
1158 2991 1231 3055 eto),
1250 2987 1378 3053 Thophel
1398 2986 1447 3053 (Dt
1468 2989 1491 3046 1,
1512 2987 1537 3052 1)
1564 2997 1602 3045 et,
1614 2988 1694 3036 iuxta

942 3080 1026 3121 mare,
1035 3061 1137 3111 Aelath
1156 3072 1184 3111 et
1193 3058 1364 3124 Asiongaber
1379 3057 1427 3125 (Dt
1440 3059 1465 3116 2,
1476 3060 1512 3123 8),
1525 3075 1559 3107 ex
1572 3075 1693 3124 quarum
1739 3073 1740 3076 ’

942 3133 1078 3198 portubus
1098 3131 1254 3182 Solomonis
1273 3130 1373 3180 classes
1392 3128 1642 3194 proficiscebantur
1664 3141 1693 3178 nt

942 3207 972 3256 in
991 3204 1081 3269 Ophir
1099 3204 1259 3268 navigarent
1280 3202 1305 3266 (3
1325 3200 1367 3265 113
1386 3202 1411 3260 9,
1431 3200 1530 3265 26-28).

979 3275 1059 3326 Fines
1078 3276 1151 3326 inter
1173 3274 1228 3325 duo
1241 3291 1333 3337 regna,
1345 3289 1417 3336 quae
1430 3273 1459 3322 in
1478 3272 1590 3335 regione
1605 3273 1695 3320 orien-

942 3348 992 3398 tali
1011 3358 1090 3398 erant
1107 3345 1176 3396 fines
1195 3344 1279 3394 Moab
1298 3355 1327 3394 et
1345 3341 1442 3403 Bdom,
1461 3353 1560 3401 seu,ut
1581 3340 1695 3391 videtur

944 3418 989 3485 (01.
1008 3418 1061 3468 Α111
1081 3417 1106 3477 6,
1127 3419 1180 3484 14),
1198 3427 1305 3466 torrens
1324 3412 1430 3474 Zared;
1447 3414 1478 3464 in
1495 3415 1608 3478 regione
1624 3415 1696 3462 occi-

943 3490 1057 3548 dentali,
1076 3500 1189 3554 propter
1208 3486 1367 3552 frequentes
1385 3485 1448 3536 lites
1471 3496 1499 3536 et
1525 3481 1601 3535 bella
1620 3485 1697 3534 inter

943 3561 1012 3612 Iuda
1032 3572 1060 3612 et
1088 3557 1181 3620 Israel,
1206 3557 1286 3610 valde
1315 3557 1448 3621 disputati
1478 3566 1543 3606 sunt
1570 3566 1600 3624 et
1623 3557 1695 3604 varii

943 3632 1065 3691 fuerunt,
1101 3631 1240 3694 urbesque
1276 3627 1419 3685 finitimae,
1458 3626 1555 3686 veluti,
1597 3626 1697 3676 Rama.

943 3703 1069 3769 Maspha,
1083 3702 1161 3753 Geba
1176 3702 1201 3767 (3
1214 3700 1309 3764 Rg15,
1325 3698 1422 3764 1622),
1440 3699 1498 3747 11110
1510 3699 1570 3763 ipsa
1582 3696 1697 3766 Bethel,

943 3775 1040 3826 Iesana
1059 3785 1087 3824 et
1105 3772 1219 3838 Ephron
1246 3772 1271 3838 (2
1292 3771 1345 3820 Par
1365 3770 1406 3829 13,
1427 3770 1477 3829 19;
1498 3769 1540 3827 15,
1559 3769 1585 3834 8)
1607 3787 1695 3833 quan·

944 3847 1036 3912 doque
1062 3845 1098 3896 ab
1126 3845 1209 3895 unius
1239 3844 1308 3906 regis
1336 3843 1365 3890 in
1394 3840 1507 3890 alterius
1536 3839 1696 3890 dominium

943 3919 1120 3968 transierunt.

978 3983 1112 4056 Tandem,
1131 3991 1325 4045 corruentibus
1344 3990 1435 4054 regnis
1454 3988 1539 4039 Israel
1561 3989 1616 4052 (an.
1646 3989 1697 4038 722

943 4087 967 4120 a.
986 4068 1048 4134 Ch.)
1068 4078 1097 4118 et
1115 4065 1184 4116 Iuda
1205 4066 1239 4130 (a.
1260 4064 1310 4113 588
1330 4081 1353 4112 a.
1374 4059 1446 4127 Ch),
1465 4058 1584 4109 invaluit
1602 4069 1631 4109 et
1652 4060 1699 4108 ob-

943 4141 1029 4191 tinuit
1045 4156 1117 4189 nova
1136 4137 1236 4187 divisio
1256 4133 1427 4184 Palaestinae
1447 4132 1476 4180 in
1490 4129 1635 4189 Iudaeam,
1655 4130 1699 4180 Sa·

944 4212 1067 4270 mariam,
1086 4207 1240 4260 Galilaeam
1259 4217 1286 4256 et
1309 4205 1440 4255 Peraeam
1463 4219 1551 4267 eaque
1570 4219 1699 4266 perseve-

944 4284 1014 4333 ravit
1049 4282 1133 4331 etiam
1171 4276 1343 4342 temporibus
1374 4274 1478 4326 Christi
1509 4284 1537 4322 et
1574 4275 1696 4340 Aposto-

945 4353 1043 4403 lorum.
