3494 5142
830 217 951 268 .-6,

154 391 246 443 Persis
256 391 457 444 extendebatur
466 392 501 443 ad
514 393 660 444 meridiem
675 392 794 454 Mediae,
805 412 862 445 non

120 462 210 514 solum
229 465 259 514 in
277 480 325 514 ora
344 463 421 531 illius
443 465 520 515 sinus
547 482 619 530 quae
645 464 681 516 ab
706 483 738 516 ea
760 471 863 516 nomen

120 533 227 594 habuit,
246 534 295 586 sed
313 534 395 600 longe
414 535 503 586 maior
521 536 551 586 in
570 535 780 588 mediterranea.
796 536 863 588 Pars

119 603 220 664 media,
238 622 339 671 nempe
357 623 429 670 quae
446 606 605 657 extenditur
631 608 704 672 inter
721 609 863 672 regionem

119 675 284 728 litoraneam
296 687 331 727 et
338 675 478 728 desertum
489 677 651 729 Carmaniae
663 689 706 729 est
717 689 863 729 montuosa

119 758 148 798 et
165 765 223 798 non
241 765 260 812 p
277 764 340 798 rum
359 747 470 808 10111110,
478 748 667 814 singularique
685 749 787 814 gaudet
804 749 864 799 lim·

118 817 237 884 piditate
247 829 276 870 et
285 819 409 870 siccitate
425 821 505 870 a’e'ris.
517 819 561 870 Ibi
573 820 746 871 extolluntur
755 831 864 871 montes

118 891 233 940 maximi
260 889 440 942 Kub·i·Dina
468 891 548 958 (5200
570 891 617 957 111.)
646 901 674 941 01
701 891 734 943 G.
761 891 864 942 Bukun

954 393 1118 459 Persepolis,
1137 395 1172 444 de
1191 412 1246 459 qua
1266 392 1367 458 legitur
1380 396 1410 444 in
1424 394 1564 460 Scriptura
1579 395 1604 461 (2
1619 393 1666 444 Mc
1742 421 1743 426 =

919 466 944 525 9,
964 466 1001 531 2),
1019 483 1077 516 non
1095 464 1194 516 urbem
1214 464 1335 516 Persidis
1354 465 1600 530 praecipuam,sed
1619 465 1668 516 ali-
1742 487 1743 496 .

918 555 1002 601 quam
1019 536 1118 588 urbem
1136 536 1282 588 Persarum
1295 535 1428 600 designat.
1447 536 1481 587 In
1499 548 1577 588 textu
1590 538 1667 588 enim

918 606 1052 672 parallelo
1078 609 1103 674 (1
1124 607 1170 658 Mc
1199 608 1224 667 6,
1254 608 1306 675 1·4)
1335 608 1402 658 urbs
1426 607 1475 659 illa
1503 609 1617 674 ponitur
1635 609 1666 658 in
1742 605 1743 660 J

919 677 1063 742 Elymaide
1081 680 1111 729 in
1129 697 1218 743 eaque
1237 677 1340 729 dicitur
1358 678 1444 730 fuisse
1462 679 1598 745 templum
1614 678 1668 730 Na·
1742 705 1743 708 ¹

919 767 987 800 neae
1006 748 1129 800 dicatum
1147 767 1219 814 quae
1238 761 1297 800 erat
1321 749 1523 802 Aelamitarum
1547 750 1606 801 dea.
1632 749 1667 800 A·

919 821 992 885 gitur
1003 821 1121 886 proinde
1140 820 1175 871 de
1194 820 1262 872 Susa
1280 820 1359 882 urbe,
1377 820 1413 872 de
1425 839 1480 888 qua
1492 822 1564 872 etde
1578 822 1666 886 ipsius
1742 817 1743 874 Ῑ

919 909 982 942 arce
1000 891 1242 958 frequentissimus
1261 908 1351 943 sermo
1370 893 1460 943 estin
1479 891 1569 944 Libris
1582 893 1666 943 sacris
1709 941 1714 949 ,

121 960 201 1027 (3230
220 962 278 1029 m.),
296 961 419 1026 indeque
449 961 622 1012 descendunt
639 964 789 1028 praecipua
816 961 864 1013 fiu-
921 963 946 1030 (2
969 961 1004 1014 Es
1025 964 1049 1022 1,
1069 964 1104 1023 1;
1122 962 1168 1013 Dn
1188 964 1213 1024 8,
1232 963 1266 1023 2,
1284 961 1332 1013 Εο1
1352 964 1377 1023 2,
1397 962 1430 1023 5;
1449 964 1475 1023 8,
1496 963 1527 1014 15
1546 965 1620 1025 etc),
1638 975 1666 1014 01

118 1032 203 1091 mina,
222 1049 294 1097 quae
312 1033 342 1082 in
361 1033 454 1084 sinum
481 1033 623 1084 Persicum
641 1045 800 1099 properant.
819 1032 864 1083 Ad
919 1051 991 1099 quae
1009 1052 1073 1085 cum
1091 1033 1234 1100 Persepoli
1261 1043 1290 1084 et
1308 1033 1447 1085 Ecbatana
1476 1033 1553 1085 urbis
1575 1036 1666 1100 regiae

119 1102 270 1163 Persidem,
280 1121 334 1167 qua
344 1115 422 1169 parte
432 1105 546 1170 respicit
557 1102 749 1169 Babyloniam,
759 1114 865 1170 spectat
919 1104 1056 1156 honorem
1074 1115 1199 1171 tempore
1217 1104 1363 1155 Persarum
1383 1105 1514 1157 obtinuit.

118 1175 262 1238 provincia
280 1173 401 1238 Elymais
416 1176 441 1242 (1
457 1174 503 1226 Μο
516 1175 542 1236 6,
556 1176 581 1242 l)
601 1193 673 1240 quae
691 1174 864 1241 temporibus
889 1185 897 1252 )

118 1243 235 1296 diversis
252 1244 351 1296 Aelam
372 1244 427 1314 (Gn
448 1247 490 1306 14,
511 1248 523 1296 1
545 1248 607 1312 010.)
631 1257 659 1297 01
677 1245 792 1298 Susiana
820 1265 864 1311 ap·
884 1249 891 1318 ’(

116 1314 218 1381 pellata
236 1333 296 1367 esse
313 1316 432 1368 videtur.
890 1339 892 1344 ·

812 1620 909 1672 Carus
936 1620 973 1671 II.

407 1725 408 1730 '
500 1749 770 1842 11011100,
800 1749 931 1821 011111
961 1749 1022 1820 nr
1052 1750 1293 1821 0111111111
1354 1833 1355 1838 Ν

761 1909 999 1916 mn»...-
1011 1911 1025 1916 ..-

183 2087 202 2132 l.
217 2085 326 2122 LIMITES
341 2084 376 2122 ET
390 2085 525 2124 CONDITIO
540 2083 668 2122 PIIYSICA.
683 2106 710 2113 -
724 2085 745 2122 2.
760 2084 925 2122 DIVISIONES.
941 2107 968 2113 -
982 2087 1002 2142 3.
1018 2085 1111 2122 TERRA
1125 2085 1236 2122 GESSEN.
1250 2107 1277 2113 -
1292 2087 1311 2121 4.
1326 2085 1401 2122 SINAl
1416 2084 1597 2123 PAENINSULA.

581 2156 601 2192 5.
617 2155 779 2193 AETHIOPIA.
793 2177 825 2207 *⁴
835 2155 855 2192 t.
872 2156 982 2194 EXODUS
997 2155 1200 2194 HEBRAEORUM.

103 2315 143 2378 (ἶ
154 2317 177 2368 1.
188 2315 338 2381 Aegyptus,
347 2315 459 2380 apudll
476 2301 574 2368 braeos
587 2314 713 2369 Misraim
725 2314 864 2381 appellata
890 2327 893 2374 Ι
921 2316 1005 2366 etiam
1023 2314 1183 2380 longissime
1196 2314 1341 2376 deductae,
1354 2317 1511 2366 universam
1526 2316 1667 2380 regionem

118 2386 163 2438 vel
191 2405 226 2438 ex
252 2388 366 2437 nomine
394 2386 447 2437 filii
475 2385 563 2438 Cham
592 2385 647 2454 (Gn
668 2387 710 2446 10,
732 2387 769 2454 6),
788 2385 864 2437 unde

117 2460 202 2509 etiam
220 2469 293 2508 terra
312 2456 401 2509 Cham
420 2459 450 2508 in
460 2457 577 2508 Psalmis
596 2459 668 2524 (104,
680 2459 723 2519 23,
737 2459 789 2519 27;
804 2457 864 2517 105,

118 2530 162 2596 22)
182 2528 295 2590 dicitur,
313 2529 358 2580 vel
376 2547 411 2580 ex
429 2528 519 2586 forma
538 2528 615 2580 duali
642 2529 721 2580 verbi
749 2528 864 2588 blason

116 2601 147 2650 in
183 2601 373 2652 monumentis
408 2617 475 2650 vero
511 2599 728 2665 hieroglyphicis
765 2600 865 2650 Kom·t

116 2672 163 2792 (ξ,-
173 2672 261 2738 niger)
273 2689 307 2722 ex
318 2673 395 2736 nigra
407 2670 620 2730 fortassehumo
633 2688 736 2721 nomen
748 2672 863 2736 accepit.

140 2753 165 2793 st
183 2745 277 2793 a'utem
296 2743 372 2808 regio
396 2741 620 2807 septentrionalis
641 2741 753 2792 Africae
772 2741 864 2792 Palae·

116 2814 214 2873 stinae,
234 2813 338 2878 Lybiae
357 2823 386 2864 et
403 2812 571 2879 Aethiopiae
595 2813 778 2871 contermina,
796 2813 864 2863 anti-

115 2885 232 2949 quitate,
244 2884 360 2945 artibus,
373 2895 402 2935 et
420 2885 543 2935 scientiis
564 2882 747 2934 nobilissima.
766 2882 864 2934 Exten-

116 2955 243 3016 debatur,
261 2957 339 3007 iuxta
362 2954 537 3006 Ezechielem
559 2953 726 3020 prophetam
751 2955 804 3021 (29,
831 2955 863 3004 10

115 3025 215 3094 hebr),
237 3035 252 3056 ‘⁴
271 3045 287 3078 a
306 3025 414 3091 Migdol
433 3043 522 3090 usque
540 3025 576 3076 ad
592 3024 710 3090 Syenem
728 3035 757 3076 et
775 3043 864 3090 usque

116 3097 151 3148 ad
170 3099 305 3149 terminos
328 3096 496 3163 Aethiopiae
516 3103 532 3126 ⁸⁰
558 3114 662 3162 nempe
687 3114 705 3148 0
732 3095 863 3161 Magdalo

116 3168 194 3228 urbe,
204 3187 276 3234 quae
294 3169 325 3219 in
343 3167 502 3233 aquilonari
515 3167 595 3233 plaga
607 3178 650 3218 est
665 3169 756 3234 posita
768 3185 864 3218 versus

116 3241 262 3300 orientem,
274 3250 303 3290 et
321 3258 337 3291 a
362 3238 475 3290 Pelusio
487 3239 518 3288 12
529 3239 608 3291 milia
617 3256 749 3305 passuum
758 3238 864 3290 distans

116 3310 163 3378 (01.
169 3310 315 3371 Antonini,
323 3311 506 3362 itinerarium
513 3311 580 3361 edit.
586 3310 747 3375 Wesseling,
757 3329 784 3376 p.
792 3311 864 3377 171),

115 3399 204 3446 usque
223 3382 258 3433 ad
276 3383 396 3448 primam
415 3380 475 3433 Nili
492 3392 667 3433 cataractam.

151 3452 264 3503 Praeter
278 3452 381 3504 vallem
390 3452 553 3504 inferiorem
565 3463 595 3504 et
607 3454 777 3505 aestuarium
795 3451 864 3510 Nili,

115 3525 145 3573 in
164 3523 294 3575 orientali
312 3523 391 3589 plaga
411 3523 552 3574 desertum
570 3524 713 3575 arabicum
727 3521 864 3588 usquead

115 3611 191 3646 mare
210 3593 338 3645 Rubrum
357 3612 406 3646 seu
416 3594 609 3659 Erythraeum,
627 3595 700 3646 etad
722 3596 864 3660 regionem

115 3665 340 3730 Trogloditarum
364 3665 409 3730 (cs.
430 3668 445 3716 2
465 3666 518 3717 Par
538 3667 581 3726 12,
601 3666 615 3717 3
636 3665 725 3732 hebr.)
754 3683 864 3717 necnon

115 3736 151 3788 ad
170 3755 200 3788 w.
219 3736 352 3798 el-An'sh,
370 3755 426 3802 qua
439 3736 576 3788 dividitur
588 3756 604 3788 a
617 3737 783 3796 Palaestina,
793 3755 865 3788 com-

87 3853 89 3858 ,
114 3804 307 3874 plectebatur,
325 3825 420 3860 versus
431 3826 559 3860 occasum
573 3808 639 3860 solis
651 3818 745 3859 autem
757 3819 865 3874 partem

114 3879 194 3930 illam
212 3879 316 3931 deserti
334 3879 420 3944 lybici
439 3879 643 3945 complectitur,
656 3897 728 3945 quae
742 3879 863 3930 includit

114 3961 171 4002 tres
206 3951 457 4017 praestantissimas
484 3950 603 4017 Aegypti
639 3968 726 4011 oases,
763 3968 864 4016 nempe

115 4023 250 4073 maiorem
268 4032 296 4073 et
316 4023 464 4082 minorem,
488 4032 517 4072 et
535 4039 597 4073 eam
625 4039 698 4087 quae
716 4033 759 4073 est
777 4039 864 4087 prope

115 4091 260 4144 oraculum
278 4092 425 4144 Ammonis
439 4091 485 4159 (01.
497 4092 605 4153 Strabo,
617 4092 707 4153 XVII,
728 4094 752 4153 l,
771 4094 796 4153 5,
809 4094 864 4160 42).

149 4163 292 4230 Aegyptus
305 4165 405 4215 merito
424 4163 460 4214 ab
475 4163 620 4215 Herodoto
634 4165 669 4232 (2,
681 4163 707 4231 5)
728 4164 864 4215 “donum

115 4234 239 4286 fluminis
259 4243 275 4266 ’ὃ
299 4234 472 4300 appellatur:
491 4234 568 4300 quod
587 4235 703 4300 quidem
721 4236 806 4286 variis
830 4253 865 4286 ex

115 4306 205 4357 causis
215 4305 357 4358 adfirmari
374 4316 483 4372 potest:
502 4308 594 4372 primo
603 4307 670 4371 quia
683 4305 764 4357 Nilus
774 4305 865 4358 1001110

114 4388 143 4428 01
160 4377 291 4443 expedita
311 4379 357 4428 via
375 4387 417 4428 est
429 4378 668 4443 negotiationibus
686 4388 715 4428 et
733 4394 865 4428 commer-

115 4449 184 4509 ciis;
214 4448 337 4499 secundo
369 4450 436 4514 quia
467 4447 573 4500 flumen
600 4459 698 4515 potum
725 4450 865 4514 optimum

115 4530 151 4580 et,
170 4531 284 4585 propter
314 4519 517 4571 abundantiam
544 4531 573 4571 et
601 4519 797 4573 excellentiam
827 4521 865 4586 pi-

115 4591 213 4651 scium,
218 4593 267 4658 qui
276 4593 346 4642 ineo
352 4602 425 4651 sunt,
431 4590 525 4642 cibum
538 4609 637 4642 sanum
646 4601 675 4642 et
683 4590 865 4657 appetibilem

115 4661 215 4713 incolis
241 4662 374 4729 praebet;
400 4664 485 4714 tertio
516 4664 583 4729 quia
611 4680 700 4729 aquae
731 4662 865 4722 fluminis,

114 4751 164 4799 per
191 4733 432 4800 frequentissimos
461 4734 572 4786 canales
598 4745 627 4786 et
651 4734 738 4786 fossas
757 4745 786 4785 et
804 4733 866 4784 sub·

114 4816 256 4857 terraneos
286 4817 394 4872 meatus
425 4816 453 4858 et
481 4823 532 4872 per
568 4805 718 4858 altissimos
755 4822 866 4871 aggeres

920 2386 1031 2441 alluunt
1058 2396 1086 2437 et
1112 2387 1236 2451 irrigant,
1255 2385 1442 2452 supplentque
1466 2386 1577 2452 pluviis,
1595 2405 1668 2452 quae

920 2457 979 2508 illic
997 2456 1149 2508 admodum
1176 2475 1254 2508 rarae
1282 2467 1365 2517 sunt3
1387 2468 1487 2523 quarto
1506 2459 1572 2523 quia
1599 2457 1668 2508 limo

920 2529 1000 2594 aquis
1022 2527 1131 2578 niliacis
1153 2539 1263 2594 aggesto
1281 2528 1423 2594 Aegyptus
1449 2527 1566 2579 inferior
1592 2528 1669 2594 paul-

919 2599 1007 2659 latim,
1025 2601 1068 2650 uti
1091 2598 1249 2664 perhibent,
1270 2598 1414 2650 efformata
1445 2611 1494 2660 est,
1513 2599 1668 2664 eodemque

920 2671 988 2721 limo
1012 2681 1154 2736 tamquam
1181 2671 1297 2722 materia
1327 2680 1391 2736 apta
1419 2670 1519 2722 domus
1548 2672 1668 2722 maxime

919 2743 1087 2793 rusticorum
1106 2740 1289 2792 aedificantur
1307 2753 1336 2793 et
1352 2759 1417 2792 vasa
1437 2741 1590 2793 domestico
1604 2744 1668 2792 usui

920 2813 1073 2864 necessaria
1086 2811 1228 2878 finguntur
1240 2831 1247 2872 ;
1266 2814 1366 2878 quinto
1383 2813 1496 2864 demum
1508 2814 1574 2878 quia
1586 2812 1669 2863 Nilus

919 2885 969 2948 qui
1003 2892 1019 2914 “
1046 2885 1129 2935 certis
1154 2883 1262 2943 diebus,
1289 2895 1322 2935 ut
1351 2885 1391 2935 ait
1419 2883 1527 2934 Plinius
1557 2883 1600 2952 (V.
1631 2884 1668 2950 9),

919 2965 1004 3006 auctu
1033 2972 1133 3019 magno
1161 2972 1211 3021 per
1238 2965 1326 3006 totam
1351 2956 1485 3020 spatiatus
1511 2954 1668 3020 Aegyptum

919 3025 1057 3076 fecundus
1075 3027 1183 3077 innatat
1201 3037 1290 3077 terrae
1314 3027 1478 3077 ”materias
1498 3025 1669 3090 ubicumque

920 3096 1072 3158 distribuit,
1100 3116 1172 3163 quae
1200 3095 1366 3148 mirabiliter
1386 3095 1535 3148 conferunt
1553 3096 1588 3148 ad
1616 3096 1668 3147 soli

920 3167 1101 3219 fertilitatem.
1140 3168 1342 3219 Inundationes
1369 3179 1472 3228 autem,
1500 3167 1535 3219 de
1565 3167 1668 3233 quibus

920 3239 967 3289 hic
985 3240 1084 3304 agitur,
1109 3251 1137 3290 et
1162 3257 1234 3307 quae
1261 3239 1387 3305 Aegypto
1415 3241 1486 3290 tanti
1504 3240 1667 3290 incrementi

920 3321 994 3370 sunt,
1012 3311 1126 3361 initium
1144 3309 1249 3362 habent
1268 3309 1351 3361 Iunio
1370 3310 1404 3361 ad
1428 3309 1513 3362 finem
1530 3321 1669 3376 vergente.

920 3383 1070 3432 maximam
1098 3380 1276 3433 altitudinem
1304 3381 1434 3432 obtinent
1460 3393 1585 3447 tempore
1612 3383 1669 3432 vin-

921 3452 1059 3504 demmiae
1079 3451 1125 3518 (01.
1137 3452 1197 3503 Ecli
1210 3453 1253 3512 24,
1266 3453 1298 3504 37
1313 3451 1409 3519 LXX),
1422 3452 1586 3504 decrescunt
1602 3470 1669 3503 vero

921 3522 1063 3574 mensibus
1083 3522 1206 3575 Octobre
1225 3534 1253 3575 et
1270 3523 1438 3574 Novembre.

956 3594 1063 3645 Revera
1083 3593 1281 3646 feracissimam
1300 3612 1359 3646 esse
1382 3605 1484 3645 terram
1503 3593 1621 3659 Aegypti
1639 3593 1669 3642 in

921 3665 1071 3731 proverbio
1089 3676 1140 3725 est,
1158 3677 1285 3716 auctores
1313 3676 1421 3717 veteres
1439 3683 1527 3730 paene
1546 3665 1670 3716 universi

921 3737 1072 3796 celebrant,
1092 3735 1235 3802 Scriptura
1254 3754 1330 3787 sacra
1349 3736 1576 3803 frequentissime
1594 3753 1671 3800 prae·

922 3807 996 3859 dicat
1007 3807 1064 3875 (Gn
1083 3808 1125 3869 12,
1137 3809 1188 3868 10;
1209 3808 1315 3868 13,10;
1331 3808 1375 3867 41,
1385 3808 1418 3858 47
1430 3826 1437 3866 ;
1450 3806 1489 3858 Dt
1508 3808 1550 3867 11,
1563 3807 1595 3857 10
1605 3808 1669 3872 010.)

922 3890 950 3930 01
967 3878 1090 3930 Hebraei
1117 3879 1197 3930 illinc
1220 3878 1332 3938 divulsi,
1357 3889 1389 3929 ut
1414 3877 1449 3929 ad
1473 3877 1671 3944 possidendam

921 3962 1023 4001 terram
1042 3951 1235 4015 promissionis
1254 3960 1409 4015 pergerent,
1426 3967 1507 4015 saepe
1527 3947 1672 4000 recordan-

921 4033 968 4072 tur
977 4033 1006 4073 et
1023 4021 1213 4072 lamentantur
1229 4020 1350 4090 (Ν11111,
1366 4021 1381 4071 5
1393 4021 1466 4088 010.).
1479 4020 1671 4072 Frumentum.

921 4092 1069 4152 hordeum,
1087 4091 1180 4158 fruges
1198 4110 1304 4152 omnes,
1325 4091 1475 4157 legumina,
1501 4093 1575 4142 inter
1598 4108 1671 4156 qaae

921 4163 1064 4215 Israelitae
1074 4175 1296 4215 commemorant
1309 4171 1488 4214 “cucumeres
1501 4174 1530 4214 et
1539 4179 1672 4229 pepones,

921 4236 1063 4301 porrique,
1082 4252 1166 4300 caepe
1185 4245 1213 4286 01
1231 4234 1286 4286 0110
1301 4234 1329 4301 (1.
1348 4237 1393 4301 0.),
1403 4233 1493 4294 fabae,
1505 4232 1560 4294 fici,
1573 4234 1672 4284 vineae

921 4305 1118 4370 malogranata,
1136 4305 1227 4356 linum
1245 4317 1274 4357 et
1292 4304 1393 4369 byblus
1406 4322 1455 4356 seu
1467 4322 1588 4371 papyrus
1607 4315 1673 4354 sunt

921 4378 1065 4443 praecipui
1086 4376 1201 4438 fructus,
1220 4394 1291 4442 quos
1318 4387 1391 4428 terra
1419 4393 1526 4427 summa
1544 4375 1673 4440 largitate

911 4448 1036 4514 'profert
1048 4447 1189 4499 Animalia
1201 4447 1242 4498 ibi
1252 4448 1412 4498 communia
1424 4456 1490 4498 sunt
1499 4446 1593 4506 boves,
1605 4464 1673 4512 prae

922 4519 1053 4570 omnibus
1071 4520 1129 4570 cari
1148 4529 1176 4570 et
1194 4520 1274 4579 sacri,
1299 4536 1372 4578 oves,
1398 4535 1505 4583 caprae,
1532 4518 1612 4577 asini,
1631 4535 1674 4568 ca·

922 4589 998 4650 meli,
1015 4607 1106 4650 canes,
1126 4591 1200 4654 equi.
1228 4589 1306 4640 Inter
1330 4588 1466 4655 aquatiles
1494 4588 1597 4640 bestias
1625 4587 1675 4638 ali-

922 4661 1036 4728 quando
1054 4660 1216 4712 abundabat
1234 4658 1401 4720 crocodilus,
1410 4660 1514 4726 pariter
1529 4669 1557 4711 et
1574 4658 1675 4724 hippo-

923 4743 1060 4799 potamus,
1072 4733 1122 4798 qui
1135 4732 1188 4783 sub
1205 4731 1344 4783 vocabulo
1358 4730 1520 4782 Leviatham
1539 4741 1568 4781 et
1586 4729 1676 4780 Behe·
1742 4747 1743 4766 1

923 4804 1003 4856 moth
1020 4803 1108 4855 veluti
1126 4802 1284 4869 symbolum
1299 4803 1417 4868 Aegypti
1430 4800 1611 4853 tradebantur
1626 4801 1675 4868 (01.
