3494 5142
750 663 828 718 Canu

830 681 846 716 r
868 666 912 718 VI.

430 793 735 865 PALAESTINA
762 794 885 867 NOVI
915 795 1226 868 TESTAMENTI

139 1149 158 1184 I.
175 1147 383 1186 PRAENOTANDA
397 1147 542 1194 QUAEDAM.
552 1149 605 1184 -2.
620 1145 818 1186 TETRARCHIAE

50 1219 232 1256 TERRITORIA.
247 1240 273 1247 -
283 1221 302 1256 ³.
317 1217 630 1256 TETRARCIIIA'HERODIS
640 1219 768 1256 ANTIPAE.
777 1241 803 1248 -
813 1221 824 1254 t

52 1291 236 1328 1111ΤοΝοΜΑΕ.

89 1452 112 1501 i.
120 1449 215 1500 Primo
225 1450 340 1500 ineunte
350 1448 461 1500 saeculo
470 1461 533 1515 post
546 1448 687 1500 Christum
697 1462 802 1510 natum,
827 1458 829 1517 )

53 1520 218 1580 Palaestina,
236 1538 337 1586 nempe
355 1522 431 1585 regio
442 1539 522 1586 quae,
531 1522 609 1571 iuxta
624 1520 803 1586 Scripturam,

51 1612 66 1642 a
85 1603 209 1642 torrente
225 1591 347 1658 Aegypti
365 1592 400 1642 ad
419 1593 565 1642 introitum
585 1591 693 1651 Emath,
712 1592 803 1643 aDan

52 1681 141 1728 usque
151 1662 326 1723 Bersabeam,
336 1681 351 1713 a
363 1675 458 1714 monte
470 1663 595 1714 Hermon
609 1662 644 1713 ad
651 1675 802 1714 torrentem

52 1735 150 1785 Arnon
169 1734 337 1794 extenditur,
355 1734 449 1800 plures
468 1735 803 1800 provinciascomplecte-

52 1807 135 1856 batur
153 1805 249 1856 indole
271 1817 299 1856 et
317 1807 398 1870 genio
416 1807 550 1870 gentium,
569 1823 584 1856 a
603 1805 705 1871 quibus
733 1806 803 1857 cole·
827 1837 828 1876 )

51 1878 164 1936 bantur,
174 1877 296 1928 diversas
315 1888 343 1927 et
360 1878 456 1927 varias.
469 1876 656 1927 Nominantur
670 1876 802 1928 Idumaea
827 1892 828 1900 ¹

53 1961 80 1999 et
109 1948 231 1998 Daroma
249 1966 313 1998 cum
331 1966 387 2012 qua
405 1947 571 2014 plerumque
589 1949 747 2000 coincidere
766 1950 803 1999 vi·

54 2020 144 2079 detur,
178 2018 289 2078 Iudaea,
317 2037 365 2070 ora
392 2021 545 2070 maritima'
559 2037 607 2070 seu
630 2020 697 2070 litus
719 2021 802 2070 maris
826 2008 828 2023 ⁸

53 2092 88 2141 ab
120 2091 190 2142 urbe
222 2089 330 2156 Raphia
349 2091 383 2140 ad
411 2091 479 2150 Dor,
510 2090 640 2150 Samaria,
669 2089 802 2150 Galilaea,
826 2077 828 2165 )

54 2161 206 2213 Phoenicia
216 2161 415 2220 meridionalis,
428 2161 539 2221 Peraea,
552 2161 654 2212 Ulatha
665 2173 693 2212 et
702 2162 802 2222 Pauca,
826 2173 828 2226 ξ

53 2252 126 2298 quae
145 2232 284 2284 Ituraeam
303 2233 452 2283 australem
467 2233 682 2292 constituebant,
705 2232 803 2284 Gaula-
827 2243 829 2302 )

56 2307 129 2364 nitis,
139 2304 286 2364 Batanaea,
299 2303 474 2355 Trachonitis
488 2314 515 2354 et
528 2304 679 2364 Auranitis,
692 2306 722 2354 in
734 2323 803 2369 quas

54 2393 170 2441 regnum
189 2375 279 2426 Basan
292 2375 432 2440 dilapsum
444 2386 494 2434 est,
513 2386 542 2426 et
553 2374 718 2440 Decapolis;
732 2394 803 2440 quae

54 2447 169 2512 quidem
189 2447 310 2512 exceptis
336 2457 429 2496 tamen
450 2445 585 2511 Decapoli
609 2457 636 2496 et
655 2446 803 2506 Phoenice,

55 2520 106 2569 etsi
128 2519 224 2584 paucis
244 2529 308 2568 ante
327 2518 407 2568 annis
425 2516 723 2583 unitatempoliticam
742 2536 805 2569 con·
827 2519 831 2588 ζ

54 2591 210 2648 stituerent,
228 2589 327 2640 iamin
346 2606 444 2654 parvos
454 2589 625 2654 principatus
640 2589 803 2640 distributae
828 2594 830 2637 l

55 2672 142 2711 erant.
829 2647 831 2726 )

48 2769 52 2774 -
90 2732 218 2783 lamvero
236 2730 362 2801 Herodes
384 2726 422 2781 M.
443 2733 565 2781 moriens
592 2732 675 2798 (11114
695 2750 718 2780 a.
742 2730 809 2797 Ch.)
829 2729 831 2810 )

55 2802 190 2854 haeredes
208 2819 272 2852 suos
291 2813 499 2867 nuncupaverat
528 2801 600 2852 fiIIos
628 2801 805 2862 Archelaum,

56 2873 198 2925 Herodem
207 2873 340 2938 Antipam
349 2885 377 2924 et
386 2873 558 2939 Philippum,
568 2891 746 2937 sororemque
763 2872 805 2923 Sa·

57 2946 158 2996 lomen.
178 2943 255 2995 Huic
270 2946 473 3010 possessionem
485 2944 601 3065 thadidit
613 2945 725 2994 urbium
738 2944 806 2994 Pha·

55 3016 137 3067 saelis
156 3027 185 3067 et
203 3015 378 3066 Archelaidis
404 3017 434 3066 in
462 3034 495 3066 va
519 3034 534 3066 6
561 3015 697 3075 Iordanis,
725 3015 805 3065 Azoti

56 3100 82 3138 et
102 3087 226 3138 lamniae
245 3089 275 3137 in
293 3086 375 3137 litore
399 3088 500 3146 maris;
520 3086 688 3137 Archelaum
707 3088 806 3137 consti·

55 3161 111 3210 tuit
123 3176 216 3222 regem
229 3159 260 3208 in
273 3158 443 3218 idumaeam,
456 3158 588 3209 Iudaeam
601 3169 630 3209 et
642 3157 806 3217 Samariam
880 3200 885 3210 .

56 3231 176 3295 Antipae
196 3229 273 3280 dedit
292 3228 445 3280 Galilaeam
464 3240 492 3280 et
516 3228 806 3294 Peraeam3Philipp0

25 3339 29 3349 .
54 3319 122 3352 vero
147 3301 294 3360 ituraeam,
322 3311 350 3350 et
377 3300 603 3351 Trachonitidem
630 3317 806 3364 annexusque

57 3373 221 3437 provincias.
241 3371 331 3423 Urbes
350 3383 443 3422 autem
462 3371 535 3422 Gaza
558 3383 586 3422 ct
608 3370 716 3435 Raphia
742 3389 806 3424 cum
831 3430 832 3441 γ

56 3443 208 3494 Phoenicia
245 3455 273 3494 et
308 3444 452 3508 provincia
483 3442 577 3506 Syriae
607 3442 806 3508 proconsulari,
831 3457 832 3475 1

56 3515 168 3580 Hippus
180 3532 246 3564 vero
257 3526 286 3565 et
298 3513 407 3564 Gadara
417 3531 481 3564 cum
489 3513 624 3578 Decapoli
643 3531 659 3563 a
673 3513 806 3564 Romanis

56 3587 168 3636 iunctae
197 3596 269 3636 sunt.
294 3585 376 3634 Anno
404 3603 470 3636 vero
498 3585 606 3635 decimo
634 3586 806 3649 principatus

56 3659 100 3707 sui
128 3668 156 3707 et
181 3667 258 3708 sexto
286 3675 312 3722 p.
332 3655 382 3706 Ch.
408 3674 435 3706 n.
463 3655 616 3706 Archelaus
645 3657 806 3706 criminatus

56 3727 211 3792 tyrannidis
240 3739 268 3778 et
295 3726 468 3778 crudelitatis
494 3729 524 3778 in
553 3726 679 3777 subditos
707 3727 805 3777 exsilio

57 3800 205 3850 damnatus
215 3809 265 3858 est,
275 3799 502 3864 provinciamque
512 3799 599 3864 ipsius
612 3808 805 3863 procuratores

56 3871 166 3920 romani
178 3869 386 3935 gubernandam
399 3881 587 3935 susceperunt,
603 3887 729 3934 eamque,
748 3869 807 3919 bre-

57 3942 172 3992 vissimo
185 3952 300 4006 excepto
315 3951 449 4006 tempore,
468 3941 503 3991 ab
518 3959 592 3991 anno
605 3958 705 4006 nempe
718 3941 750 3989 41
771 3940 806 3990 ad
831 3940 833 3993 !

57 4015 101 4071 44,
133 4030 190 4076 quo
216 4012 338 4078 Agrippa
366 4011 379 4061 I
407 4013 532 4077 regnavit
561 4013 591 4062 in
622 4011 806 4062 Palaestinam
831 3996 833 4033 Ι

58 4085 225 4142 universam,
259 4093 410 4134 tenuerunt
440 4101 528 4148 usque
560 4083 594 4132 ad
626 4100 729 4132 annum
764 4082 807 4140 70,
831 4090 833 4112 ‘

56 4154 171 4219 quando
190 4153 297 4204 scilicet
319 4166 382 4220 post
409 4154 548 4205 iudaicam
576 4155 807 4204 insurrectionem
831 4113 834 4200 l

58 4226 161 4276 Iudaea
180 4243 196 4276 a
215 4225 292 4290 Syria
317 4225 508 4291 proconsulari
533 4224 725 4290 independens
747 4243 807 4290 pro·
832 4263 833 4302 ,

57 4298 149 4347 vincia
178 4307 339 4362 nuncupata
374 4296 519 4347 Provincia
548 4295 624 4360 Syria
652 4296 807 4347 Palaestina
832 4307 834 4388 )

57 4379 149 4418 creata
169 4379 218 4427 est,
238 4379 266 4419 et
278 4366 374 4431 legatis
386 4367 612 4433 propraetoribus
629 4367 807 4431 gubernanda

59 4439 168 4490 tradita.
664 4497 666 4500 ¹
831 4409 834 4501 )

95 4510 149 4560 Hic
168 4510 252 4574 igitur
264 4509 402 4574 agendum
415 4521 457 4560 est
470 4508 504 4559 de
517 4507 673 4559 tetrarchiis
685 4508 807 4559 filiorum
832 4506 834 4588 )

59 4580 181 4632 Herodis
199 4582 353 4646 ceterisque
373 4579 585 4646 principatibus,
598 4581 671 4630 inter
681 4599 751 4645 quos
770 4580 809 4630 di-

60 4664 147 4703 screta
167 4663 209 4702 est
227 4651 382 4703 Palaestina
410 4663 536 4715 ternpore
562 4650 665 4702 Christi
684 4663 711 4702 et
737 4650 809 4714 Apo·

59 4723 203 4774 stolorum.

833 1147 975 1186 ARCHELAI
990 1149 1024 1186 ET
1038 1151 1161 1187 IUDAEAE
1176 1151 1407 1188 PROCURATORUM
1424 1151 1603 1190 ROMANORUM

829 1220 1024 1258 ‚TETRARCHIA
1040 1220 1170 1258 PHILIPPI.
1181 1243 1208 1250 —
1218 1223 1237 1257 5.
1258 1223 1410 1260 DECAPOLiS
1422 1224 1455 1259 ET
1463 1223 1605 1262 CIVITATES

894 1453 917 1502 2.
932 1451 1138 1502 anaaacnmn
1150 1452 1298 1503 Aacnnn
1319 1456 1526 1506 constituebant
1543 1456 1605 1507 Idu-

827 1520 828 1590 )
857 1541 943 1582 maea,
962 1523 1064 1574 Iudaea
1083 1535 1111 1574 et
1130 1524 1258 1574 Samaria.

892 1612 1025 1663 1111111161
1044 1632 1115 1678 quae
1134 1615 1164 1664 in
1177 1617 1263 1666 veteri
1275 1615 1452 1666 Testamento
1471 1634 1558 1666 unum
1578 1629 1606 1666 et

857 1684 932 1734 idem
942 1702 1001 1734 esse
1010 1684 1121 1736 videtur
1134 1704 1197 1749 curn
1210 1685 1353 1736 montibus
1363 1685 1431 1746 Scir,
1441 1688 1490 1752 qui
1501 1705 1516 1736 a
1528 1705 1603 1738 mare

857 1755 969 1806 Mortuo
1008 1755 1043 1805 ad
1073 1758 1164 1806 sinum
1197 1753 1384 1808 Aelaniticum
1409 1758 1605 1818 extenduntur,

856 1829 886 1876 in
905 1845 978 1877 novo
997 1827 1173 1879 Testamento
1200 1829 1245 1879 vel
1273 1828 1356 1879 latius
1384 1829 1543 1879 extenditur
1561 1829 1604 1879 vel

856 1900 949 1962 potius
968 1900 1108 1963 regionem
1123 1899 1210 1950 'aliam
1230 1900 1362 1964 designat.
1380 1899 1518 1950 Videntur
1531 1902 1605 1951 enim

856 1981 981 2035 ternpore
1009 1968 1100 2020 exsilii
1128 1970 1254 2021 idumaei
1282 1973 1368 2036 pressi
1396 1982 1424 2021 et
1451 1973 1567 2022 coartati
1590 1989 1605 2021 a

857 2040 1006 2091 Nabataeis
1025 2059 1173 2106 occupasse
1193 2041 1377 2094 Palaestinam
1401 2043 1549 2094 australem
1567 2044 1605 2107 ip-

858 2130 970 2176 samque
989 2111 1206 2163 Amalecitarum
1224 2115 1365 2177 regionem
1380 2113 1424 2179 (cf.
1438 2115 1504 2164 Ant.
1524 2114 1545 2164 I.
1569 2113 1605 2172 II,

860 2185 882 2243 1,
902 2185 929 2250 2)
946 2201 1065 2248 suosque
1084 2185 1240 2234 extendisse
1259 2184 1327 2235 fines
1350 2202 1438 2250 usque
1463 2184 1605 2236 Masadam

860 2254 941 2320 (Bell.
961 2254 983 2304 Ι,
1003 2254 1040 2313 ΙΙ,
1060 2255 1101 2314 22,
1124 2256 1160 2322 2),
1180 2255 1295 2306 Hebron
1316 2255 1363 2323 (111.
1384 2255 1431 2315 IV,
1450 2257 1475 2316 9,
1495 2256 1531 2322 7),
1542 2255 1606 2306 Α111·

858 2326 913 2376 lam
934 2345 966 2374 ἶ
985 2325 1076 2376 Halul
1096 2326 1144 2392 (ib.
1164 2326 1212 2386 IV,
1231 2329 1256 2385 9,
1276 2328 1312 2394 6),
1331 2326 1497 2378 Bethsuram
1528 2327 1606 2392 (Aret.

858 2398 880 2448 I.
904 2396 968 2455 XII,
983 2398 1007 2455 9,
1021 2399 1057 2462 4),
1071 2396 1207 2448 Maresam
1222 2398 1304 2464 (Bell.
1318 2398 1339 2448 I.
1361 2398 1382 2456 I,
1401 2399 1426 2456 2,
1446 2398 1482 2465 6),
1502 2398 1605 2448 Gazam

860 2469 936 2533 (Ant.
950 2468 972 2518 I.
983 2468 1042 2527 XV,
1056 2469 1081 2528 7,
1092 2471 1129 2536 9),
1139 2468 1259 2520 Ascalon
1270 2469 1318 2537 (ib.
1332 2469 1364 2528 V,
1381 2471 1404 2528 1,
1416 2469 1469 2534 22),
1482 2469 1606 2520 Tandem

858 2559 873 2590 a
894 2538 1019 2589 Iohanne
1039 2539 1168 2603 Hyrcano
1188 2540 1315 2600 subiecti,
1335 2559 1370 2591 ne
1389 2542 1507 2606 patriam
1530 2542 1606 2590 amit-

859 2621 958 2671 terent,
977 2612 1226 2670 circumcisionem,
1246 2611 1319 2676 leges
1339 2623 1366 2661 et
1385 2629 1475 2661 mores
1492 2611 1605 2662 Iudaeo-

859 2701 920 2732 rum
934 2693 1113 2747 susceperunt
1134 2684 1209 2748 (Ant.
1229 2683 1250 2733 I.
1262 2683 1340 2743 XIII,
1354 2685 1379 2742 9,
1392 2684 1427 2748 l),
1448 2695 1606 2747 tantamque

859 2755 888 2803 in
896 2772 954 2803 rem
962 2753 1103 2819 publicam
1112 2753 1303 2805 Hebraeorum
1310 2755 1502 2804 auctoritatem
1513 2753 1606 2818 adepti

859 2836 932 2885 sunt,
945 2837 976 2875 ut
989 2824 1135 2889 Antipater
1149 2825 1297 2876 idumaeus
1310 2845 1325 2876 a
1339 2824 1454 2875 Caesare
1468 2837 1607 2875 crearetur

859 2898 945 2946 totins
966 2895 1084 2953 Iudaeae
1094 2907 1256 2960 procurator
1265 2899 1381 2962 eiusque
1393 2895 1467 2946 filius
1481 2895 1606 2946 Herodes

860 2969 889 3017 in
909 2968 1065 3018 universam
1094 2967 1277 3018 Palaestinam
1302 2979 1363 3032 post
1382 2968 1469 3031 ipsius
1488 2978 1605 3018 mortem

860 3050 993 3103 regnaret.

897 3127 1006 3177 lunam
1018 3129 1111 3192 igitur,
1124 3139 1207 3192 prout
1220 3127 1266 3178 hic
1285 3130 1412 3186 sumitur,
1422 3145 1479 3178 non
1493 3137 1534 3176 est
1547 3144 1608 3192 pro-

860 3200 950 3249 vrncia
966 3216 1037 3263 quae
1052 3198 1248 3264 complectitur
1263 3199 1476 3250 meridionalem
1500 3210 1606 3263 partem

834 3306 836 3310 .
861 3269 1032 3320 Palaestinae
1060 3269 1267 3329 cisiordanicae,
1296 3271 1330 3321 de
1358 3289 1412 3335 qua
1440 3271 1524 3319 etiam
1553 3269 1606 3319 los.

861 3341 971 3392 Flavius
992 3341 1073 3406 (Bell.
1089 3340 1177 3400 LIII,
1192 3342 1216 3400 3,
1237 3341 1290 3408 1-5)
1309 3341 1443 3406 quuitur,
1461 3341 1509 3391 sed
1531 3342 1606 3404 regio

861 3414 933 3463 inter
952 3412 1102 3462 Samariam
1121 3423 1149 3463 et
1171 3410 1332 3462 idumaeam
1345 3424 1372 3463 et
1385 3413 1464 3463 cuins
1484 3411 1568 3462 urbes
1577 3413 1606 3461 in

861 3495 984 3533 extremo
995 3483 1111 3533 meridie
1121 3483 1251 3534 videntur
1261 3483 1346 3534 fuisse
1356 3482 1606 3548 Engaddi,Thecoa

861 3553 1054 3619 Bethletepha,
1073 3554 1186 3614 Azotus,
1211 3554 1325 3614 lamnia,
1348 3567 1399 3605 etc.
1428 3555 1472 3620 (cf.
1493 3553 1564 3604 Bell.
1585 3553 1606 3604 I.

862 3626 913 3684 III,
934 3626 958 3683 3,
978 3626 1012 3686 5;
1032 3626 1078 3684 IV,
1098 3627 1122 3684 9,
1143 3626 1175 3685 5;
1195 3627 1220 3684 8,
1241 3628 1273 3685 1;
1293 3627 1317 3686 3,
1337 3627 1371 3685 3,
1389 3627 1455 3676 Ant.
1469 3625 1491 3676 I.
1504 3624 1569 3684 XII,
1583 3625 1607 3680 7,

861 3699 897 3762 4).
918 3696 1008 3762 Ipsius
1027 3709 1120 3747 autem
1134 3696 1203 3747 fines
1216 3697 1454 3763 septentrionales,
1466 3698 1516 3760 qui
1530 3697 1606 3746 iuxta

861 3768 980 3819 Talmud
1000 3768 1169 3834 (Neubauer,
1190 3769 1290 3833 Geogr.
1313 3767 1351 3818 du
1374 3767 1505 3827 Talmud,
1530 3785 1606 3832 pagg.

862 3840 904 3899 57,
936 3841 978 3899 73,
1010 3841 1053 3906 86)
1086 3838 1361 3904 comprehendebant
1391 3838 1607 3904 Antipatridem,

862 3911 1014 3962 secundum
1043 3909 1194 3975 losephum
1226 3910 1447 3961 extendebantur
1465 3927 1553 3974 usque
1572 3910 1606 3959 ad

862 3982 1004 4042 Coraeam,
1016 3981 1194 4032 Acrabattam
1210 3993 1239 4032 et
1250 3981 1364 4032 Anuath
1383 3981 1537 4031 Borcaeum
1562 3981 1606 4046 (61.

862 4053 932 4104 netz.
952 4054 974 4104 1.
993 4053 1015 4113 1,
1035 4053 1059 4113 a,
1080 4053 1113 4113 5;
1133 4053 1169 4112 11,
1190 4054 1231 4112 12,
1251 4055 1285 4113 a,
1304 4052 1356 4112 111,
1376 4053 1400 4112 a,
1420 4052 1455 4119 5).

897 4133 999 4184 Iudaea
1027 4133 1080 4182 hoc
1108 4132 1206 4182 eodem
1230 4143 1359 4196 ‚tempore
1386 4131 1474 4181 divisa
1503 4143 1553 4191 est,
1572 4141 1608 4180 te-

831 4206 834 4260 Ι
863 4205 950 4256 stibus
972 4205 1064 4254 Plinio
1088 4203 1169 4268 (Hist.
1189 4203 1224 4254 IV.
1244 4203 1277 4262 V,
1298 4205 1339 4264 14,
1359 4204 1402 4269 70)
1433 4213 1461 4252 et
1488 4200 1608 4266 Iosepho

864 4275 945 4342 (Bell.
956 4276 978 4326 I.
989 4275 1041 4335 III,
1053 4276 1077 4334 3,
1088 4276 1124 4341 5),
1134 4276 1164 4324 in
1174 4274 1331 4339 toparchias
1341 4274 1480 4332 undecim,
1490 4291 1608 4336 quarum

862 4347 930 4398 haec
941 4357 1006 4398 sunt
1015 4347 1129 4396 nomina
1139 4365 1145 4396 z
1157 4344 1307 4397 Ierusalem
1319 4347 1355 4413 (;
1365 4345 1472 4410 Orine),
1480 4343 1608 4408 Gophna.

863 4418 1019 4476 Acrabatta,
1038 4416 1200 4475 Thamnata,
1223 4416 1326 4481 Lydda,
1354 4416 1495 4473 Ammaus,
1522 4414 1608 4465 Pella.

863 4508 912 4540 seu
932 4491 1032 4554 potius,
1051 4490 1128 4538 iuxta
1156 4486 1314 4552 losephum,
1333 4485 1527 4550 Bethletepha,
1547 4485 1608 4535 Idu·

863 4579 949 4620 maea,
968 4559 1102 4623 Engaddi,
1122 4558 1275 4618 Herodion‚
1296 4558 1412 4609 Iericho.

898 4648 1034 4706 Sannum,
1053 4666 1087 4698 ex
1105 4649 1219 4698 nomine
1232 4647 1309 4697 urbis
1321 4648 1412 4712 regiae
1424 4648 1500 4710 regni
1524 4645 1607 4695 Israel

863 4719 1010 4785 appellata,
1020 4729 1061 4769 est
1080 4720 1221 4783 provincia
1241 4718 1332 4768 media
1350 4719 1423 4768 inter
1436 4716 1568 4768 Iudaeam
1581 4728 1609 4765 et
