3494 5142
790 143 912 192 ..12-

107 318 258 370 Phoenicia
278 319 413 379 Secunda,
432 337 482 370 seu
499 319 534 370 ad
557 319 694 371 Libanum
714 319 820 371 babens

73 401 156 456 caput
174 390 351 449 Damascum,
378 390 462 442 urbes
485 403 578 442 autem
607 391 820 457 principaliores

74 459 209 522 Emesam,
228 461 393 513 Laodiceam
412 461 447 513 ad
469 462 615 522 Libanum,
638 461 821 528 Heliopolim,

73 532 185 582 Abilam
203 544 232 583 et
249 533 414 597 Palmyram.

110 640 134 690 5.
153 639 331 691 Habitatores
343 640 447 708 Syriae,
465 651 574 706 praeter
592 639 774 692 Chananaeos
793 652 822 691 et

74 713 235 777 praesertim
245 722 355 776 gentem
369 711 557 771 Phoeniciam‚
576 714 636 763 “in
654 730 753 776 magna
767 711 822 776 glo·

73 784 113 832 ria
144 781 300 833 litterarum
330 784 500 834 inventionis
531 793 558 833 et
588 783 711 834 siderum
742 800 822 833 nava-

74 852 199 918 liumque
219 872 250 905 ac
279 854 444 905 bellicarum
471 855 573 905 artium
592 862 608 884 ”
629 853 711 922 (Plin.
730 854 766 905 N.
786 853 821 904 H.

73 923 107 984 V,
128 925 170 990 12)
190 924 304 976 fuerunt
323 924 451 984 Hethaei,
469 925 598 988 Aramaei
617 936 645 976 et
664 924 776 975 Ituraei.

110 994 230 1046 Hethaei
249 996 327 1047 sedes
346 1015 409 1047 suas
427 998 589 1062 praecipuas
613 995 773 1047 habuerunt
792 997 822 1045 in

75 1065 151 1130 Syria
182 1067 393 1131 septentrionali
421 1078 449 1117 et
476 1067 679 1118 mediterranea
707 1084 723 1117 a
751 1069 822 1117 mari

75 1155 174 1202 magno
193 1137 228 1188 ad
247 1137 426 1203 Euphratem,
445 1149 473 1188 et
491 1137 526 1188 ab
549 1137 649 1188 Emath
678 1155 767 1204 usque
787 1138 822 1188 ad

75 1207 197 1259 Taurum
215 1220 348 1269 montem,
367 1209 431 1259 ideo
443 1221 516 1260 terra
534 1208 725 1260 Hethaeorum
738 1211 822 1260 etiam

75 1281 104 1328 in
127 1281 314 1330 monumentis
333 1279 552 1331 cuneiformibus
571 1282 646 1344 regio
665 1279 714 1330 illa
733 1279 824 1346 appel·

75 1349 156 1400 latur.
169 1350 309 1415 Scriptura
322 1369 342 1402 s.
356 1369 413 1402 non
424 1351 509 1402 semel
522 1368 619 1402 eorum
629 1369 724 1416 regum
737 1369 824 1402 recor-

75 1421 157 1471 datur
177 1423 202 1489 (3
222 1421 263 1486 Rg
284 1423 325 1481 10,
345 1423 396 1482 29;
416 1424 432 1472 4
450 1422 492 1486 Rg
511 1423 536 1482 7,
555 1421 591 1489 6).

111 1491 248 1552 Aramaei,
266 1494 344 1544 iuxta
362 1493 448 1543 Amos
469 1495 504 1560 (9,
524 1495 538 1544 7
559 1492 649 1560 hebr.)
670 1492 704 1544 de
724 1492 777 1542 Kir
789 1515 824 1540 z

876 319 1001 371 Charran
1022 319 1054 386 (?)
1075 319 1197 381 oriundi,
1218 313 1412 385 praeterquam
1439 321 1469 369 in
1498 318 1627 384 Mesopo-

875 392 989 460 tamiam
1008 389 1103 441 diffusi
1117 392 1221 441 suntin
1230 392 1388 441 universam
1400 391 1542 454 regionem
1555 393 1627 440 citra

875 460 1055 527 Euphratem,
1074 462 1307 527 praecipuamque
1334 461 1429 512 sedem
1457 460 1627 521 habuerunt,

876 533 974 583 saltem
994 533 1105 583 saeculo
1123 532 1192 582 VIII
1211 551 1235 582 a.
1264 531 1324 592 ch,
1353 534 1426 583 circa
1456 531 1626 584 Damascum

876 621 948 669 quae
966 601 1155 654 florentissimi
1174 621 1271 654 eorum
1289 605 1366 668 regni
1388 615 1472 669 caput
1490 603 1553 654 fuit.

913 674 1017 725 Ituraei
1036 685 1138 734 autem,
1159 676 1208 739 qui
1229 674 1382 739 aliquando
1405 674 1537 725 videntur
1550 674 1628 725 babi-

876 757 948 797 tasse
972 747 1098 810 regiones
1116 746 1152 797 ad
1168 747 1305 797 orientem
1323 747 1407 796 maris
1430 745 1535 796 Mortui
1550 745 1625 811 (etl

877 818 930 868 Par
950 817 974 877 5,
995 818 1037 884 19)
1058 829 1086 868 et
1110 818 1278 868 contermini
1295 817 1380 868 fuisse
1400 835 1465 867 cum
1484 817 1628 875 Moabitis,

877 891 953 939 iuxta
973 887 1136 939 Strabonem
1156 887 1241 954 (XVI,
1261 889 1286 947 2,
1306 889 1360 955 10),
1372 887 1439 938 facti
1453 899 1517 938 sunt
1529 898 1627 952 postea

878 958 1047 1010 habitatores
1066 960 1194 1024 regionis,
1207 977 1279 1025 quae
1291 959 1364 1010 inter
1383 958 1520 1016 Libanum
1533 970 1562 1009 et
1573 959 1628 1008 An·

878 1030 1027 1081 tilibanum
1052 1031 1219 1090 extenditur,
1241 1029 1455 1095 habueruntque
1475 1030 1574 1080 urbem
1587 1033 1629 1080 're-

878 1103 950 1166 giam
970 1100 1132 1152 Chalcidem
1151 1102 1186 1152 ad
1207 1101 1351 1152 Libanum.
1371 1101 1441 1152 Inde
1460 1119 1508 1152 eos
1527 1119 1557 1152 se
1576 1101 1629 1152 dif-

878 1173 984 1224 fudisse
1002 1174 1032 1222 in
1049 1172 1276 1224 Trachonitidem
1295 1184 1323 1223 et
1341 1174 1371 1222 in
1395 1190 1457 1222 eam
1484 1174 1627 1237 regionem

878 1261 950 1309 quae
962 1243 1122 1295 extenditur
1135 1243 1170 1294 ad
1184 1245 1320 1294 orientem
1334 1242 1461 1294 Iordanis
1475 1245 1628 1308 superioris

879 1325 906 1366 et
925 1316 998 1365 circa
1017 1314 1174 1366 Paneadem
1202 1326 1230 1365 et
1254 1333 1326 1380 quae
1353 1313 1505 1379 aliquando
1525 1313 1631 1366 Gessur

879 1403 954 1436 nune
972 1396 1065 1436 autem
1083 1385 1191 1437 ,Gedur
1217 1394 1339 1446 vocatur,
1366 1387 1522 1436 communis
1541 1396 1583 1436 est
1602 1404 1631 1435 o-

879 1459 957 1522 pinIo
975 1457 1058 1522 eique
1077 1456 1175 1509 Strabo
1194 1457 1279 1523 (XVI,
1299 1459 1323 1518 2,
1342 1456 1386 1523 20)
1407 1456 1579 1522 suffragatur.

646 1891 648 1898 .
774 1847 937 1899 CAPUTIV.

504 1938 890 2048 ratissima
936 1976 1202 2048 Persica

717 2119 983 2128 *—

132 2294 150 2328 1.
165 2291 276 2330 LIMITES
290 2291 487 2330 PALAESTINAE.
502 2315 529 2321 —
544 2295 564 2330 2.
581 2294 719 2330 REGIONES
733 2294 844 2331 VARIAE.
860 2315 886 2322 -
900 2295 920 2330 3.
935 2293 1178 2331 HYDROGRAPHIA:
1194 2294 1288 2336 LACUS,
1304 2295 1437 2336 FLUMlNA,
1454 2295 1568 2331 FONTES.

349 2365 369 2402 4.
384 2365 578 2404 OROGRAPHIA.
593 2386 620 2392 -
634 2365 654 2400 5.
669 2365 765 2402 CLIMA.
780 2386 807 2394 -
821 2365 841 2401 ⁶.
856 2365 947 2402 FLORA
963 2365 998 2402 ET
1012 2364 1105 2402 FAUNA
1119 2364 1355 2436 Patassrtttuptffls.

114 2523 137 2572 1.
163 2522 328 2584 Palaestina,
353 2525 393 2575 sic
415 2542 449 2575 ex
472 2526 586 2590 regione
610 2521 823 2575 Philistinorum

76 2593 159 2658 vulgo
173 2594 256 2653 dicta,
268 2596 298 2646 in
311 2597 395 2648 sacris
408 2594 519 2646 Litteris
531 2606 710 2660 nuncupatur
724 2603 823 2645 “terra

77 2665 270 2715 Hebraeorum
289 2675 305 2696 ³³
326 2665 381 2734 (Gn
400 2668 443 2726 40,
464 2666 507 2733 15)
536 2666 581 2717 vel
610 2674 626 2696 “
640 2665 725 2717 Isra'e'l
741 2673 756 2695 '³
777 2665 822 2731 (Jd

79 2737 120 2796 19,
135 2737 189 2802 29),
209 2744 310 2788 “terra
328 2738 445 2788 Domini
458 2745 474 2768 '⁶
495 2736 533 2803 (Is
552 2738 577 2796 8,
589 2737 625 2804 8),
648 2745 748 2788 “terra
762 2737 823 2787 Deo

77 2807 218 2858 carissima
224 2815 239 2837 '⁸
255 2808 318 2875 (Sap
333 2810 374 2868 12,
388 2809 425 2876 7),
439 2817 533 2859 “terra
543 2819 636 2858 sancta
647 2817 663 2838 ”
675 2808 722 2876 (Ζ6
733 2809 758 2868 2,
771 2809 825 2874 12),

78 2887 179 2929 “terra
197 2881 420 2945 repromissionis
431 2888 447 2909 ³³
462 2879 535 2947 (Heb
555 2881 598 2940 11,
611 2880 637 2947 9)
657 2891 718 2939 etc,
738 2889 766 2930 et
784 2891 826 2930 est

77 2961 182 3000 tractus
200 2949 283 3002 Asiae
305 2953 461 3011 anterioris,
480 2952 530 3016 qui
549 2950 709 3002 extenditur
729 2959 773 3001 “a
787 2950 825 3001 Si-

78 3020 151 3071 done
170 3021 206 3072 ad
225 3020 328 3073 Gazam
343 3030 358 3052 ³³
379 3022 435 3090 (Gn
455 3023 497 3082 10,
508 3023 562 3090 19),
582 3030 598 3052 ‘⁴
617 3040 632 3072 a
651 3022 714 3072 Dan
735 3039 824 3086 usque

79 3091 215 3143 Bersabee
229 3100 245 3122 '³
271 3095 297 3160 (1
317 3093 360 3160 Rg
376 3095 400 3154 3,
411 3094 466 3167 20),
488 3092 551 3144 “ab
580 3094 698 3144 introitu
710 3094 713 3100 '
724 3091 826 3144 Emath

78 3181 166 3228 usque
185 3164 220 3214 ad
239 3175 392 3216 torrentem
410 3164 529 3230 Aegypti
542 3171 558 3194 ⁸⁸
579 3165 605 3230 (2
626 3164 679 3214 Par
692 3165 717 3224 7,
729 3164 755 3231 8)
781 3163 825 3214 vel

79 3243 95 3264 ‘⁶
108 3235 143 3285 ad
161 3253 237 3286 mare
256 3236 416 3288 solitudinis
430 3243 445 3266 '³
476 3237 502 3303 (4
521 3235 563 3300 Rg
579 3236 621 3296 14,
636 3235 690 3302 25),
710 3243 755 3285 “a
774 3246 827 3285 tor·

77 3317 156 3356 rente
175 3306 273 3359 Arnon
294 3326 383 3373 usque
403 3307 438 3358 ad
456 3318 581 3358 montem
600 3306 727 3358 Hermon
741 3314 756 3336 ³⁸
787 3306 826 3373 (Js

81 3377 122 3437 12,
136 3378 162 3444 1)
176 3388 204 3428 et
217 3396 232 3428 a
243 3381 314 3429 mari
326 3397 427 3443 magno
446 3397 495 3429 seu
513 3377 720 3428 Mediterraneo
738 3395 826 3442 usque

79 3447 223 3499 Saleclram
253 3449 298 3517 (cf.
317 3450 373 3501 Nm
392 3451 435 3510 34,
464 3449 489 3509 5,
513 3449 538 3509 6,
567 3449 601 3509 73
628 3448 667 3499 Dt
687 3449 712 3508 3,
731 3449 756 3508 8,
776 3449 827 3507 10;

78 3517 108 3574 Js
129 3520 170 3580 13,
182 3520 243 3587 14):
266 3533 308 3572 est
333 3523 426 3586 igitur,
450 3522 528 3571 iuxta
551 3521 728 3579 recentiores
751 3521 827 3584 regio

79 3591 159 3641 cuius
186 3590 307 3643 latitudo
332 3594 444 3657 attingit
470 3610 486 3642 a
510 3591 610 3642 300.55‘
640 3591 676 3641 ad
704 3591 826 3641 331111120'

79 3661 194 3725 gradum
212 3664 243 3714 in
255 3663 461 3729 hemisphaerio
475 3661 590 3722 boreali,
602 3661 749 3726 longitudo
761 3679 827 3712 vero

80 3733 223 3786 orientalis
244 3753 260 3785 a
279 3733 445 3786 Greenwich
463 3745 505 3785 est
521 3735 595 3784 inter
614 3733 827 3783 3711111613811111.

81 3804 132 3864 50“;
143 3805 302 3870 superficies
314 3817 408 3857 autem
418 3815 595 3869 computatur
607 3804 643 3854 ad
658 3803 745 3853 25124
759 3801 827 3853 km2.

116 3873 204 3940 Igitur
214 3877 317 3928 limites
329 3877 510 3935 Palaestinae,
521 3874 619 3940 quales
633 3874 829 3925 describuntur

80 3946 135 3997 Nm
155 3948 197 4007 34,
217 3948 295 4008 3·12;
315 3947 352 3998 ΕΖ
371 3949 414 4006 47,
434 3947 476 4006 13,
496 3947 529 3996 20
547 3945 666 4011 aliisque
687 3945 766 4005 locis,
790 3947 828 3995 sic

80 4018 253 4070 enucleatius
272 4018 383 4070 definiri
401 4029 526 4084 possunt.
540 4016 632 4068 Limes
648 4016 829 4068 occidentalis

80 4100 122 4140 est
143 4107 219 4140 mare
238 4090 475 4141 Mediterraneum
503 4106 552 4140 seu
580 4106 628 4139 ora
656 4089 795 4139 maritima
813 4106 829 4138 a

80 4171 203 4212 torrente
221 4161 340 4226 Aegypti
358 4181 393 4209 ;ῑ
412 4179 445 4211 w.
464 4157 606 4219 el·‘Arr'.sh,
625 4159 661 4210 ad
686 4161 828 4223 regionem

81 4230 200 4283 Sidonis.
220 4233 311 4283 Limes
330 4230 481 4290 orientalis,
502 4233 580 4282 iuxta
599 4230 783 4290 Ezechielem,
792 4231 829 4281 vi·

81 4302 163 4353 detur
181 4303 255 4355 linea
273 4315 357 4364 recta,
382 4320 454 4369 quae
483 4302 518 4353 de
546 4303 666 4353 termino
695 4301 829 4352 territorii

80 4373 210 4425 Damasci
235 4374 379 4426 descendit
406 4367 553 4426 meridiem
580 4391 676 4424 versus
702 4372 829 4424 dividens

80 4444 176 4496 Auran
194 4457 223 4496 et
250 4445 355 4497 Galaad
383 4449 415 4496 et'
438 4447 576 4510 attingens
604 4444 709 4495 Arnon.
738 4444 830 4495 Limes

81 4516 281 4578 meridionalis,
299 4519 348 4583 qui
358 4518 388 4568 in
397 4516 554 4568 Palaestina
567 4515 697 4567 orientali
715 4527 757 4566 est
769 4517 830 4580 ipse

81 4599 188 4640 torrens
206 4588 312 4648 Arnon,
331 4590 361 4639 in
374 4587 541 4640 occidentali
554 4587 589 4639 de
599 4587 773 4638 extremitate
786 4603 831 4636 au·

846 2531 850 2626 l

878 2522 1032 2585 Barneam;
1051 2524 1126 2575 unde
1139 2543 1195 2590 per
1216 2524 1293 2576 Adar
1320 2537 1349 2576 et
1379 2525 1549 2576 Asemonam
1579 2544 1631 2591 per

877 2597 954 2645 venit
971 2595 1007 2645 ad
1029 2606 1181 2647 torrentem
1199 2596 1317 2662 Aegypti
1339 2608 1367 2648 et
1394 2614 1469 2648 mare
1497 2615 1631 2662 magnum

880 2665 925 2732 (cf.
943 2666 974 2722 Js
994 2666 1036 2727 15,
1061 2669 1123 2734 1-4).
1149 2666 1241 2718 Limes
1265 2667 1379 2719 tandem
1404 2669 1631 2733 septentrionalis

878 2739 978 2804 incipit
996 2757 1012 2789 a
1030 2741 1100 2789 mari
1119 2756 1218 2802 magno
1238 2750 1266 2789 et
1284 2756 1334 2804 per
1345 2741 1420 2790 viam
1433 2739 1576 2790 Hethalon
1597 2759 1632 2788 r:

877 2810 976 2861 Adlun
991 2811 1023 2879 (?)
1043 2811 1121 2861 venit
1139 2809 1276 2861 Sedadam
1294 2830 1330 2859 z
1348 2811 1391 2861 ch.
1410 2809 1519 2861 Serada
1542 2813 1572 2861 in
1591 2828 1632 2860 re-

879 2883 960 2947 gione
990 2899 1068 2946 marg
1087 2881 1186 2945 ‘Aijun
1214 2899 1263 2932 seu
1290 2881 1403 2941 Robob,
1431 2883 1461 2931 in
1490 2883 1631 2946 principio

879 2971 979 3019 nempe
997 2952 1078 3004 vallis
1096 2970 1168 3018 quae
1187 2963 1264 3017 patet
1282 2954 1355 3004 inter
1379 2953 1505 3003 Hermon
1533 2965 1561 3003 et
1590 2952 1631 3002 Li·

850 3071 852 3086 ,
880 3025 983 3076 bannm
1002 3036 1030 3075 et
1048 3042 1121 3090 quae
1139 3022 1236 3074 baberi
1255 3034 1347 3089 potest
1364 3024 1452 3075 veluti
1471 3026 1516 3074 via
1530 3023 1632 3074 Emath

880 3097 915 3147 ad
934 3096 1070 3147 Orontem
1098 3094 1143 3164 (cf.
1163 3094 1218 3144 Nm
1238 3095 1281 3155 13,
1309 3097 1371 3162 22):
1400 3096 1500 3146 transit
1529 3095 1632 3146 deinde

880 3185 929 3232 per
956 3167 1074 3236 Zefrona
1094 3187 1129 3216 z
1147 3165 1190 3216 ch.
1210 3166 1410 3230 es·Sambarije
1432 3167 1467 3217 ad
1494 3167 1569 3217 naht
1592 3167 1631 3216 el·

880 3239 1009 3290 Husbani
1027 3249 1055 3289 et
1072 3239 1207 3288 terminos
1225 3237 1355 3288 Damasci
1374 3239 1494 3302 attingit.

917 3367 941 3416 2.
968 3366 994 3416 A
1021 3367 1210 3431 septentrione
1232 3365 1268 3415 ad
1296 3364 1452 3423 meridiem,
1484 3381 1583 3429 nempe
1616 3383 1631 3413 a

880 3449 975 3488 monte
998 3436 1123 3488 Hermon
1146 3437 1181 3488 ad
1202 3434 1336 3487 australes
1357 3434 1427 3486 fines
1450 3447 1548 3495 terrae,
1571 3446 1631 3485 tota

881 3508 1036 3560 Palaestina
1059 3508 1239 3573 distinguitur
1257 3509 1287 3558 in
1312 3517 1368 3557 tres
1392 3508 1527 3570 regiones,
1552 3507 1632 3556 mari·

880 3582 957 3640 tima,
976 3591 1108 3631 montana
1126 3591 1155 3630 et
1169 3579 1312 3630 desertica.
1326 3577 1403 3628 Haec
1415 3576 1632 3627 interminabilis

881 3651 1040 3702 extenditur
1058 3668 1154 3702 versus
1172 3651 1308 3702 orientem
1327 3660 1433 3699 etcum
1453 3648 1562 3699 deserto
1576 3666 1632 3698 ara·

882 3723 945 3773 bico
976 3722 1166 3773 confunditur.
1198 3721 1339 3772 Maritima
1364 3731 1407 3771 est
1428 3737 1491 3785 pars
1515 3718 1633 3770 inferior

881 3809 946 3845 orae
960 3794 1103 3845 orientalis
1115 3795 1199 3844 maris
1212 3791 1420 3852 Mediterranei,
1436 3807 1507 3856 quae
1522 3792 1632 3856 attingit

881 3885 897 3916 a
916 3864 1015 3917 Cilicia
1031 3883 1120 3930 nsque
1133 3865 1168 3915 ad
1178 3864 1334 3928 Aegyptum
1347 3873 1376 3913 et
1389 3861 1483 3913 differt
1495 3860 1531 3911 ab
1544 3863 1633 3926 ipsius

882 3955 947 3988 orae
960 3938 1097 4002 superiori
1115 3946 1202 4001 parte,
1220 3954 1236 3985 a
1254 3935 1337 3984 litore
1348 3933 1455 3985 scilicet
1473 3932 1632 3999 phoenicio,

882 4008 959 4073 quod
978 4019 1019 4059 est
1037 4006 1125 4058 veluti
1144 4008 1282 4058 successio
1300 4006 1434 4056 continua
1453 4014 1585 4071 portuum
1604 4015 1633 4054 et

882 4080 947 4130 ideo
969 4079 1139 4144 navigationi
1157 4079 1341 4142 aptissimum,
1360 4077 1390 4126 in
1409 4095 1443 4128 eo
1461 4074 1538 4141 quod
1556 4085 1632 4125 recta

882 4151 959 4202 vadit
984 4168 1079 4202 versus
1100 4149 1247 4200 meridiem
1274 4146 1423 4199 uniformis
1450 4158 1478 4198 et
1504 4145 1632 4198 sabulosa

883 4222 975 4273 nullos
990 4222 1096 4272 habens
1114 4231 1212 4285 portus
1225 4218 1366 4270 naturales
1378 4220 1408 4269 in
1426 4217 1565 4282 refugium
1588 4235 1632 4267 na-

882 4296 959 4344 vium
969 4293 1094 4344 idoneos.
1108 4291 1171 4357 Quo
1184 4291 1289 4342 factum
1302 4301 1344 4342 est
1353 4301 1385 4341 ut
1394 4307 1470 4340 mare
1485 4307 1541 4339 non
1561 4306 1634 4338 corn-

883 4366 993 4416 merciis
1015 4364 1064 4416 sed
1089 4364 1272 4428 segregationi
1295 4361 1451 4412 incolarum
1476 4361 1570 4425 potius
1593 4361 1633 4409 in-

883 4437 1006 4487 serviret.
1025 4435 1129 4487 Usibus
1147 4446 1241 4486 tamen
1260 4431 1449 4499 peculiaribus
1469 4430 1583 4482 urbium
1605 4443 1633 4481 et

883 4509 1027 4558 civitatum
1037 4507 1244 4565 litoranearum,
1254 4516 1282 4556 et
1292 4505 1439 4570 piscationi
1450 4504 1535 4567 magis
1548 4519 1631 4567 quarn

883 4578 1128 4644 negotiationibus,
1147 4578 1302 4642 antiquitus
1321 4575 1409 4640 aptati
1422 4585 1487 4625 sunt
1502 4590 1585 4639 opera
1604 4584 1632 4623 et

81 4659 159 4710 strali
169 4661 252 4711 maris
265 4659 371 4711 Mortui
384 4678 434 4726 per
447 4679 480 4712 w.
492 4659 617 4725 el-Fiqre
633 4669 661 4709 et
677 4659 831 4708 Ascensum
853 4525 857 4786 (
883 4650 1020 4702 industria
1030 4649 1177 4700 hominum
1188 4659 1285 4713 portus
1295 4644 1433 4705 nonnulli,
1439 4645 1527 4696 veluti
1536 4654 1633 4709 portus

82 4730 240 4796 Scorpionis
270 4732 348 4782 venit
377 4733 406 4782 in
438 4731 576 4782 desertum
606 4729 654 4782 Sin
687 4741 715 4779 et
743 4728 831 4780 Cades
883 4723 968 4782 Acco,
999 4733 1026 4773 et
1063 4721 1201 4772 recentior
1231 4717 1350 4782 Khaifa.
1382 4717 1415 4766 In
1449 4712 1632 4779 Geographio
