3494 5142
779 181 903 231 *17-

40 356 43 365 '
60 363 87 423 5,
98 363 142 428 10)
152 361 255 414 deinde
264 380 280 414 a
290 361 400 422 Ruben,
415 359 477 412 Gad
490 370 519 411 et
531 358 658 411 Manasse
669 357 810 410 deturbati

39 445 137 494 -sunt,
155 432 294 501 profligati
306 443 334 484 55
352 431 483 484 omnibus
509 431 566 482 suis
589 429 811 499 possessionibus

39 502 44 515 '
59 505 176 572 spoliati
190 506 216 573 (l
236 505 290 556 Par
308 504 333 564 5,
353 504 451 571 1922).

40 598 45 609 ·
97 575 239 628 Horrhaei
251 576 300 642 qni
314 575 446 627 videntur
459 573 598 626 habitasse
616 571 768 637 aliquando
780 573 811 622 in

868 356 1033 408 distributae
1046 367 1127 408 erant
1136 357 1166 407 in
1185 354 1302 407 meridie
1322 355 1481 423 (into-32),
1498 357 1529 406 15
1547 372 1617 406 cam·

867 427 1006 494 pestribus
1027 427 1137 495 (33·47),
1165 428 1196 478 15
1225 437 1320 478 monte
1348 426 1448 494 (48-60)
1478 427 1618 488 5515515-

867 510 941 552 serto
961 498 1071 567 (61-62).

901 570 967 622 Filii
987 568 1123 630 Issachar,
1133 568 1270 630 Zabulon,
1278 568 1349 621 Aser
1367 579 1396 620 et
1413 568 1567 635 Nephthali
1578 586 1618 619 re·

39 647 183 714 :Sephela
203 645 249 714 (cf.
267 647 306 698 Dt
332 647 357 706 2,
376 647 431 712 23),
454 644 614 697 habuerunt
639 655 733 696 tamen
758 644 812 710 pri·
866 642 976 706 gionem
996 640 1244 707 septentrionalem
1263 640 1401 700 habuere;
1429 657 1530 707 nempe
1551 639 1618 691 Issa·

41 721 165 770 'marias
183 718 262 770 sedes
279 719 310 768 in
328 716 472 769 montibus
490 715 559 776 Scir,
571 715 621 766 ubi
635 715 811 766 exterminati
865 711 932 763 char
944 711 1070 764 obtinuit
1080 723 1188 778 partem
1201 713 1232 762 in
1243 712 1359 778 planitie
1372 710 1507 763 Esdrelon
1521 711 1561 780 (Js
1575 712 1617 770 19,

42 802 128 849 ,5555
147 807 164 840 5
182 788 248 840 111115
266 788 356 840 Edom
377 788 426 857 (Dt
446 789 471 849 2,
492 788 534 848 12,
553 787 608 855 22).
867 783 974 850 1723);
1002 782 1132 835 Zabulon
1160 782 1260 834 habuit
1287 801 1349 834 eam
1367 783 1518 847 regionem,
1545 801 1617 848 quse

40 852 46 889 ¹
98 859 279 920 Amalecitae,
315 861 364 925 qui
401 859 566 910 habitabant
601 859 631 908 in
666 855 811 907 meridiem
865 865 961 920 postea
980 853 1034 905 fuit
1061 871 1126 919 pars
1154 855 1297 920 potissima
1317 853 1458 906 Galilaeae
1476 854 1617 905 inferioris

62 931 131 998 (Nm
152 931 194 992 13,
213 931 258 998 30)
279 930 451 982 Palaestinae
464 928 599 995 usquead
612 927 681 978 fines
693 927 811 992 Aegypti
866 925 914 993 (ib.
927 925 1025 993 10-16),
1034 924 1104 976 Aser
1115 936 1144 976 et
1152 923 1305 990 Nephthali
1318 924 1455 990 reliquam
1467 926 1617 990 regionem,

62 1004 88 1071 (l
111 1002 154 1067 Rg
167 1003 210 1062 27,
230 1002 266 1068 8),
285 1019 342 1053 non
361 1019 491 1052 5555555
510 999 679 1058 Chananaei‚
698 997 811 1048 delendi
864 997 904 1048 ita
922 1007 1016 1048 tamen
1034 1007 1067 1047 ut
1083 995 1155 1048 Aser
1174 995 1329 1047 obtinuerit
1353 1006 1460 1062 partem
1483 1013 1554 1062 quae
1577 1014 1617 1047 re·

60 1075 180 1124 omnino
208 1071 323 1124 fuerunt
347 1072 392 1140 (cf.
416 1071 456 1123 Dt
484 1072 527 1131 25,
547 1072 598 1130 19;
623 1071 635 1120 1
660 1068 703 1134 Rg
723 1068 765 1128 15,
784 1068 810 1136 3)
866 1069 948 1134 551515
984 1085 1059 1118 mare
1097 1065 1336 1119 Mediterraneum
1366 1066 1407 1134 (Js
1437 1068 1479 1128 19,
1509 1067 1616 1135 24-31);

60 1157 90 1195 55
110 1163 126 1195 5
145 1143 252 1195 Davide
270 1160 367 1210 reapse
394 1142 484 1212 deleti¹
499 1153 564 1194 sunt
583 1143 608 1210 (1
629 1139 671 1207 Rg
698 1140 811 1200 30,17;
865 1135 1020 1204 Nephthali
1038 1141 1105 1190 ve'ro
1124 1156 1188 1206 pars
1206 1156 1278 1204 quae
1296 1149 1338 1190 est
1356 1149 1453 1189 eontra
1468 1137 1616 1190 Iordanem

98 1286 206 1347 Cinaei,
215 1287 265 1352 qui
284 1284 328 1336 vel
346 1284 382 1336 de
400 1297 481 1351 gente
499 1283 653 1336 Madianita
670 1294 758 1343 erant,
767 1281 812 1333 551

10 1407 12 1410 ,
60 1376 127 1409 cum
147 1356 309 1408 Madianitis
327 1356 440 1408 foedere
458 1356 602 1407 coniuncti
624 1354 670 1423 (cf.
695 1353 741 1406 Gn
770 1353 813 1412 15,

10 1451 16 1481 t
63 1431 110 1489 193
129 1428 166 1484 Jd
187 1429 211 1489 l,
232 1429 327 1488 16;4,
347 1429 401 1495 11).
750 1487 751 1492 ¹

11 1523 17 1553 t
99 1506 235 1558 Ceneaaei
254 1505 364 1574 (Gn15,
380 1507 433 1574 19),
447 1505 482 1561 de
495 1522 615 1571 quorum
628 1505 714 1571 stirpe
726 1504 812 1556 fuisse

19 1598 21 1604 ’
61 1577 150 1630 Caleb
169 1577 300 1629 nonnulli
318 1576 437 1628 credunt
456 1576 502 1646 (cf.
520 1576 551 1635 Js
571 1577 613 1636 15,
633 1577 687 1644 17).
763 1572 770 1584 “

98 1647 253 1710 Philistaei,
278 1649 328 1714 qui
356 1648 391 1700 de
419 1647 551 1714 Caphtor,
568 1647 709 1707 videlicet,
735 1647 813 1698 iuxta

61 1721 166 1786 plures,
176 1720 212 1772 de
223 1719 304 1772 Creta
316 1719 407 1771 insula
419 1718 541 1780 oriundi,
555 1737 632 1770 oram
645 1719 813 1769 maritimam

9 1835 13 1838 „
60 1791 214 1843 australem
232 1801 446 1857 occupaverunn
465 1790 564 1842 deletis
588 1791 714 1856 pristinis
736 1787 813 1840 habi·

61 1862 211 1923 tatoribus,
228 1862 325 1928 ibique
344 1863 469 1928 quinque
491 1863 624 1928 satrapias
651 1860 696 1912 vel
723 1870 813 1926 topar-

62 1934 141 1985 chias
163 1934 377 1993 constituerunt,
404 1951 476 1999 quae
504 1932 663 1984 dominatae
691 1942 756 1983 sunt
782 1932 812 1982 in

62 2005 183 2071 Sephela
202 2006 279 2056 etin
298 2004 403 2070 Negeb,
421 2015 449 2056 55
464 2022 583 2070 quarum
602 1991 813 2069 caput'fuernnt

62 2076 147 2136 Gaza,
166 2075 298 2135 Ascalon,
317 2075 400 2135 Geth,
419 2075 523 2127 Azotus
542 2086 570 2126 et
588 2075 714 2126 Accaron
728 2075 753 2143 (1
771 2073 813 2140 Rg

62 2148 89 2208 6,
110 2149 164 2207 17;
182 2147 213 2203 15
233 2148 275 2207 13,
295 2148 310 2198 3
329 2148 402 2214 etc).

100 2273 125 2323 2.
143 2272 260 2324 Drvrsro
278 2272 473 2323 Panarsnnsn
491 2286 577 2322 55555
594 2285 745 2322 55555555
757 2286 814 2322 rnr-

61 2359 117 2395 Bus
136 2343 247 2395 1555555.
266 2374 299 2382 -
319 2343 492 2407 Transgressi
503 2353 656 2394 torrentem
669 2341 767 2393 Arnon
786 2354 814 2394 et

64 2415 182 2466 devictis
199 2414 310 2480 regibus
328 2413 573 2474 Amorrhaeorum,
591 2430 693 2479 nempe
721 2412 814 2465 Sehon

62 2504 127 2552 rege
137 2485 248 2538 Esebon
259 2487 391 2552 inpugna
401 2485 475 2551 apud
488 2484 579 2536 Iasam
589 2483 655 2553 (Nm
668 2485 711 2545 21,
724 2485 812 2552 2125)

62 2569 92 2608 55
103 2556 146 2622 Og
155 2575 218 2623 rege
226 2556 358 2609 Astaroth
370 2559 400 2608 in
409 2556 527 2622 proelio,
539 2557 616 2622 quod
628 2567 763 2608 certatum
773 2567 815 2608 est

62 2646 152 2694 prope
161 2627 245 2680 Edrai
265 2627 330 2696 (Nm
343 2629 387 2689 21,
400 2628 455 2696 33),
467 2626 578 2692 Moyses
590 2628 709 2693 partitus
721 2639 764 2679 est
775 2645 815 2679 re·

62 2701 177 2765 gionem
191 2699 439 2750 transiordanicam
448 2700 523 2750 inter
531 2698 621 2764 tribus
630 2698 740 2760 Ruben,
753 2698 815 2752 Gad

62 2781 92 2821 et
108 2769 255 2821 dimidiam
274 2770 378 2822 tribum
395 2769 532 2830 Manasse,
548 2788 629 2835 quae,
651 2788 716 2821 curn
734 2787 815 2836 peco-

6 2905 7 2908 ,
61 2841 142 2893 ribus
160 2840 335 2893 abundarent
351 2860 383 2892 ac
395 2843 481 2892 vitam
493 2843 671 2908 pastoriciam
682 2841 815 2903 colerent,

61 2914 206 2978 regionem
223 2912 302 2964 illam
321 2912 491 2964 uberrimam
512 2923 541 2964 et
569 2911 605 2964 ad
632 2930 735 2978 pascua
758 2932 815 2979 gre·

6 3037 7 3040 ,
61 3001 129 3050 gum
152 2995 181 3035 et
198 2995 388 3035 armentorum
413 2985 584 3049 aptissimam
612 2983 667 3035 sibi
694 2984 815 3050 postula·

62 3065 172 3106 verant,

100 3124 199 3191 155555
209 3123 274 3176 111115
286 3125 388 3177 Ruben
405 3125 469 3176 data
482 3136 598 3191 estpars
614 3125 813 3187 meridionalis,

62 3214 137 3262 quae
161 3213 263 3262 nempe
281 3215 297 3248 a
317 3207 439 3248 torrente
458 3196 556 3247 Arnon
574 3197 717 3262 usquead
738 3197 814 3249 wadi

61 3266 188 3327 Hesbnn,
207 3277 236 3318 et
253 3284 269 3317 a
283 3269 353 3318 mari
365 3266 478 3318 Mortuo
491 3278 520 3319 et
531 3278 654 3332 extrema
668 3279 746 3334 parte
758 3267 814 3320 Ior-

63 3338 145 3390 danis
156 3355 247 3404 usqne
259 3338 294 3389 ad
309 3338 449 3390 desertum
462 3339 599 3403 syriacum
611 3360 647 3385 =
659 3339 814 3391 el·Hamad

61 3409 226 3461 extenditur
245 3407 310 3477 (Nm
329 3410 372 3470 32,
392 3409 488 3468 34·38;
505 3408 536 3464 15
556 3410 597 3469 13,
618 3409 715 3478 1523).

100 3479 163 3532 Gad
199 3480 322 3531 obtinuit
357 3492 459 3532 terram
496 3478 531 3530 ab
561 3480 694 3532 Hesebon
724 3499 813 3546 usque

63 3551 226 3602 Mahanaim
247 3550 302 3619 (Gn
321 3551 365 3612 32,
384 3552 409 3618 2,
428 3551 473 3618 22)
493 3561 521 3602 55
538 3550 641 3603 vallem
660 3551 814 3604 “Iordanis

63 3640 153 3688 usque
172 3622 208 3673 ad
226 3633 379 3675 extremam
406 3633 513 3688 partem
541 3624 625 3681 maris
646 3623 784 3675 Cenereth
797 3631 813 3654 '³

65 3693 106 3760 (Js
126 3693 169 3754 13,
187 3694 287 3761 2428).

100 3770 228 3823 Μ555555
247 3771 361 3822 demum
380 3770 444 3822 data
463 3782 505 3822 est
517 3771 625 3836 reliqua
638 3783 711 3822 terra
724 3790 813 3838 usque

62 3840 100 3892 ad
118 3853 243 3893 montem
262 3842 398 3902 Hermon,
415 3843 562 3893 universus
591 3843 698 3894 scilicet
722 3843 812 3895 Basan

63 3930 154 3978 usque
189 3913 225 3964 ad
264 3913 380 3965 Hauran
419 3924 448 3964 et
487 3914 712 3979 septentrionalis
750 3933 814 3982 pars

64 3982 181 4042 Galaad‚
211 4001 320 4036 necnon
351 3983 472 4036 circulus
505 3985 673 4050 oppidorum
701 3985 813 4037 Havotb

64 4054 121 4106 Iair
142 4053 245 4122 (1513,
267 4055 366 4123 29-31).

99 4123 188 4185 Τ555,
209 4137 343 4192 occupata
371 4128 456 4178 etiam
482 4128 595 4191 regione
623 4127 814 4188 cisiordanica,

64 4207 93 4246 et
111 4196 258 4249 debellatis
276 4196 396 4264 regibus,
422 4198 473 4263 qni
499 4198 530 4248 in
557 4216 589 4249 55
617 4209 704 4259 erant,
732 4197 814 4250 Iosue

64 4285 130 4318 cum
148 4266 279 4319 Eleazaro
295 4270 412 4320 accessit
429 4268 465 4319 ad
484 4267 651 4321 divisionem
679 4280 768 4322 terrae
786 4281 815 4321 et

64 4337 99 4388 ad
119 4337 339 4404 designationem
351 4341 565 4400 territoriorum,
581 4342 692 4406 quaein
711 4359 815 4407 posses·

64 4410 173 4460 sionem
191 4409 364 4476 reliquarum
378 4410 513 4470 tribuum,
521 4427 616 4462 earum
629 4430 730 4477 nempe
742 4430 814 4478 5555

64 4498 143 4601 ἰυίιη
169 4492 277 4546 partem
300 4481 427 4533 nondum
453 4494 625 4547 acceperant,
650 4483 749 4534 cedere
771 4483 815 4534 de·

84 4569 99 4602 e
121 4562 179 4603 ant.

99 4621 165 4673 Filii
184 4621 254 4673 Iuda
274 4623 457 4676 obtinuerunt
475 4636 562 4676 totam
591 4626 732 4690 regionem
761 4642 815 4677 me·

64 4692 211 4754 ridianam,
232 4712 249 4745 5
267 4693 419 4747 Ierusalem
437 4713 527 4762 usque
545 4696 581 4747 ad
600 4697 752 4748 terminum
769 4715 815 4747 au·

64 4763 177 4816 attalem
195 4765 369 4817 Palaestinae
390 4767 429 4835 (Js
450 4767 492 4828 15,
512 4768 583 4836 5-12)
603 4768 719 4833 eiusque
731 4767 815 4820 urbes

866 1221 895 1262 et
912 1210 1004 1262 lacum
1024 1209 1181 1261 Tiberiadis
1206 1209 1246 1277 (Js
1266 1211 1308 1271 19,
1336 1210 1435 1277 32-39),
1454 1209 1550 1261 addito
1578 1211 1617 1260 in-

866 1299 958 1348 super,
968 1293 1001 1333 ut
1018 1281 1150 1341 creditur,
1159 1299 1230 1347 pago
1248 1281 1462 1332 commutatorio
1478 1282 1532 1332 sito
1544 1283 1617 1333 inter

867 1363 991 1404 montem
1009 1351 1110 1412 Tabor,
1128 1351 1221 1404 lacum
1236 1351 1397 1404 Tiberiadis
1417 1362 1446 1402 et
1468 1351 1617 1404 Iordanem

866 1423 992 1546 ppldique
1011 1423 1221 1490 circumscripto
1246 1441 1263 1475 5
1290 1423 1431 1475 territorio
1459 1423 1549 1474 tribus
1567 1423 1616 1474 Za-

918 1511 964 1546 on.

902 1565 981 1616 Filiis
1000 1564 1149 1616 Beniamin
1161 1565 1200 1633 (Js
1211 1566 1254 1625 18,
1265 1565 1363 1633 1228),
1375 1564 1510 1631 Ephraim
1524 1565 1617 1633 (1516,

868 1637 921 1704 1·9)
941 1648 970 1688 55
997 1635 1125 1688 Μ555555
1152 1636 1334 1688 occidentalis
1363 1636 1404 1704 (15
1424 1637 1466 1697 17,
1487 1637 1559 1704 7·11)
1578 1655 1617 1688 re·

866 1708 944 1774 liqna
953 1719 1026 1759 terra
1038 1707 1139 1759 tradita
1151 1718 1201 1768 est,
1214 1709 1290 1774 regio
1302 1724 1403 1774 nempe
1412 1725 1484 1773 quae
1495 1708 1615 1759 mediam

867 1779 1053 1831 Palaestinam
1072 1790 1198 1845 occupat.

903 1850 965 1902 Dan
984 1861 1078 1901 autem
1096 1850 1221 1916 possedit
1238 1860 1357 1901 tractum
1376 1851 1426 1915 qui
1444 1860 1486 1901 555
1507 1851 1538 1900 15
1560 1867 1617 1917 sep·

867 1921 1029 1973 tentrionali
1047 1932 1125 1987 parte
1144 1933 1233 1973 terrae
1252 1920 1465 1973 Philistinornm
1489 1921 1525 1972 ad
1548 1922 1618 1972 occi·

868 1992 982 2044 dentem
1008 1991 1088 2053 Iuda,
1116 1992 1264 2044 Beniamin
1291 2003 1320 2044 et
1346 1991 1479 2058 Ephraim
1508 1992 1548 2062 (15
1575 1994 1617 2052 19,

867 2064 967 2130 40-46).
987 2063 1062 2115 Huic
1080 2065 1231 2124 territorio,
1259 2065 1411 2129 conspicuo
1430 2064 1546 2130 quidem
1564 2063 1617 2116 soli

866 2135 1011 2187 fertilitate
1042 2135 1091 2187 sed
1119 2136 1237 2186 minimo
1256 2133 1411 2201 superficie,
1441 2146 1618 2188 accesserunt

866 2217 962 2273 postea
981 2205 1066 2257 urbes
1085 2206 1228 2258 Hirsemes
1247 2217 1276 2258 et
1294 2203 1417 2267 Esthaol,
1429 2207 1485 2257 iam
1508 2206 1617 2273 pridem

866 2278 1024 2342 adsignatae
1042 2275 1108 2328 filiis
1126 2276 1196 2330 Iuda
1216 2278 1262 2345 (cl.
1280 2277 1310 2333 Js
1330 2277 1373 2337 15,
1386 2278 1429 2338 10,
1441 2277 1474 2328 33
1485 2297 1493 2338 ;
1506 2279 1548 2338 19,
1562 2277 1617 2344 40),

867 2360 896 2401 55
913 2348 981 2400 urbs
1000 2347 1097 2414 Ioppe,
1115 2366 1187 2414 qnae
1205 2349 1236 2400 in
1254 2349 1394 2400 territorio
1416 2347 1617 2416 Ephraimitico

868 2421 984 2472 fortasse
1002 2431 1061 2472 erat
1079 2421 1179 2485 posita.

903 2491 1010 2542 Pariter
1029 2490 1095 2542 liliis
1114 2489 1227 2542 Simeon
1240 2501 1395 2556 segregatae
1414 2491 1519 2541 suntin
1538 2502 1616 2557 parte

869 2562 1024 2614 meridiana
1042 2562 1132 2614 tribus
1159 2561 1230 2614 Iuda
1252 2562 1284 2612 17
1312 2561 1357 2613 551
1388 2562 1421 2613 18
1442 2561 1526 2614 nrbes
1552 2581 1616 2614 cum

869 2633 943 2685 villis
962 2651 1059 2684 earum
1079 2633 1119 2702 (Js
1138 2634 1180 2694 19,
1200 2634 1260 2694 1·8;
1280 2634 1293 2683 1
1314 2633 1367 2684 Par
1385 2634 1411 2694 4,
1429 2633 1528 2701 28-33).

904 2704 1025 2756 Domum
1044 2713 1060 2734 ‘⁴
1072 2704 1155 2756 nrbes
1174 2715 1316 2770 separatae
1328 2715 1393 2755 sunt
1406 2702 1472 2755 filiis
1484 2703 1617 2771 Ephraim

868 2777 898 2827 in
912 2776 1005 2827 medio
1018 2777 1200 2842 possessionis
1211 2774 1333 2826 filiorum
1348 2775 1477 2827 Manasse
1490 2784 1506 2806 ⁸⁰
1521 2775 1560 2844 (15
1575 2776 1617 2836 16,

869 2849 896 2914 9)
929 2858 957 2898 55
984 2865 1000 2898 5
1027 2864 1161 2899 converso
1192 2846 1333 2898 Manassen
1363 2846 1487 2898 obtinuit
1518 2847 1617 2898 urbem

868 2919 973 2970 Doram
987 2919 1068 2969 sitam
1079 2920 1110 2969 in
1122 2919 1263 2970 territorio
1274 2917 1352 2978 Aser,
1362 2935 1473 2969 necnon
1486 2917 1617 2978 Bethsan,

868 2989 1112 3050 Ieblaam,Endor,
1124 2988 1237 3041 Thenac
1249 3001 1278 3040 et
1290 2988 1428 3054 Mageddo
1440 3007 1504 3040 cum
1516 2990 1617 3041 viculis

869 3062 926 3112 suis
945 3079 979 3112 ex
998 3062 1138 3118 territorio
1157 3060 1284 3112 Issachar
1303 3060 1343 3128 (15
1362 3060 1472 3128 17,11).
1493 3059 1616 3112 Aliunde

868 3133 940 3192 Dan,
958 3132 1165 3197 angustioribus
1175 3131 1278 3183 finibus
1291 3149 1464 3197 compressus
1474 3144 1502 3183 et
1512 3142 1616 3184 artatus

868 3206 899 3255 in
917 3214 1013 3254 monte
1031 3203 1067 3254 ab
1095 3202 1274 3254 Amorrhaeis
1302 3201 1348 3270 (Jd
1368 3203 1391 3262 1,
1411 3203 1466 3270 34),
1492 3203 1618 3254 ascendit

868 3277 899 3326 in
917 3285 1070 3326 extremam
1089 3273 1274 3326 Palaestinam
1300 3273 1492 3339 aquilonarem
1519 3274 1555 3325 ad
1577 3292 1617 3324 ra·

869 3346 945 3397 dices
963 3347 1066 3397 montis
1085 3345 1211 3397 Hermon
1223 3356 1252 3397 et
1262 3361 1389 3412 pugnans
1407 3356 1502 3396 contra
1520 3345 1616 3396 Lesem

868 3418 944 3482 55515
954 3434 1015 3468 eam
1026 3435 1185 3483 nomenque
1195 3418 1256 3468 eius
1265 3417 1375 3468 vocavit
1384 3416 1447 3467 Dan
1458 3415 1498 3482 (15
1510 3417 1551 3477 19,
1561 3417 1616 3484 47).

903 3487 968 3540 Sola
987 3506 1022 3540 ex
1040 3488 1170 3540 tribubus
1189 3487 1275 3540 Israel
1294 3487 1384 3539 tribus
1399 3487 1468 3538 'Levi
1492 3504 1550 3537 non
1571 3486 1617 3538 ha·

869 3559 931 3610 buit
961 3561 1106 3626 proprium
1136 3560 1318 3619 territorium,
1347 3557 1397 3610 sed
1424 3557 1547 3623 dispersa
1576 3569 1617 3610 est

867 3632 941 3682 inter
959 3649 1056 3682 omnes
1074 3630 1164 3682 tribus
1185 3629 1230 3698 (cs.
1249 3629 1295 3682 Gn
1313 3631 1357 3690 49,
1379 3629 1416 3696 7),
1440 3647 1474 3680 ex
1499 3647 1616 3694 quarum

868 3702 1088 3768 possessionibus
1107 3701 1266 3766 adsignatae
1283 3711 1349 3752 sunt
1366 3699 1469 3751 Levitis
1481 3700 1564 3752 urbes
1582 3702 1616 3751 48

869 3772 904 3824 ad
923 3772 1109 3824 habitandum
1128 3784 1157 3825 55
1179 3771 1338 3824 suburbana
1356 3789 1452 3823 earum
1469 3771 1505 3824 ad
1517 3771 1616 3823 alenda

868 3846 1001 3896 iumenta.
1020 3844 1055 3895 Et
1072 3845 1140 3910 quia
1157 3861 1192 3895 ex
1210 3841 1277 3894 filiis
1295 3842 1371 3903 Levi,
1382 3842 1489 3894 Gerson
1507 3861 1617 3909 nempe,

869 3915 966 3975 Caath,
984 3926 1013 3966 et
1030 3915 1143 3976 Meteri,
1152 3926 1209 3966 tres
1227 3925 1304 3966 ortae
1317 3926 1396 3966 erant
1410 3913 1532 3966 familiae
1544 3916 1618 3980 prin·

869 3986 1024 4053 cipaliores,
1055 3985 1209 4038 secundum
1230 3985 1281 4037 has
1311 3985 1431 4036 familias
1453 3985 1617 4036 distributae

869 4069 935 4108 sunt
944 4057 1028 4109 urbes
1037 4057 1174 4109 leviticae.
1193 4057 1292 4122 Itaque
1311 4055 1376 4107 filiis
1386 4055 1474 4108 Caath
1485 4075 1520 4107 ex
1532 4058 1616 4123 stirpe

869 4128 972 4189 Aaron,
991 4128 1099 4182 scilicet
1115 4130 1150 4180 iis
1172 4129 1222 4194 qui
1245 4127 1401 4179 sacerdotio
1421 4127 1617 4192 fungebantur,

869 4199 1019 4251 attributae
1038 4211 1105 4251 sunt
1122 4200 1157 4250 de
1185 4198 1315 4250 tribubus
1343 4198 1423 4259 Iuda,
1450 4197 1562 4250 Simeon
1589 4209 1617 4250 et

870 4270 1018 4322 Beniamin
1036 4271 1171 4322 tredecim
1187 4271 1322 4330 civitates,
1341 4288 1413 4336 5555
1425 4269 1490 4320 ideo
1503 4281 1617 4321 vocatae

869 4353 934 4393 sunt
961 4341 1045 4393 urbes
1073 4341 1274 4403 sacerdotales;
1302 4340 1418 4407 reliquis
1436 4339 1502 4392 filiis
1520 4339 1617 4401 Caath,

869 4414 995 4478 quinon
1022 4413 1177 4465 sacerdotio
1206 4413 1255 4464 sed
1282 4411 1446 4472 minoribus,
1473 4413 1503 4464 id
1522 4423 1564 4462 est
1581 4411 1617 4462 le·

868 4485 961 4535 viticis
979 4485 1142 4536 ministeriis
1160 4483 1266 4535 addicti
1283 4493 1370 4543 erant,
1388 4481 1469 4533 datae
1500 4493 1565 4533 sunt
1584 4483 1616 4533 10

869 4556 995 4607 civitates
1032 4554 1067 4606 de
1103 4554 1233 4606 tribubus
1262 4553 1404 4622 Ephraim,
1433 4553 1496 4604 Dan
1527 4565 1555 4604 et
1583 4553 1617 4604 de

869 4625 986 4676 dimidia
1025 4625 1102 4677 tribu
1143 4625 1271 4676 Manasse
1311 4623 1499 4676 occidentalis.
1539 4624 1617 4675 Filiis

869 4695 977 4748 Gerson
996 4697 1155 4762 adsignatae
1182 4707 1247 4746 sunt
1274 4696 1408 4748 tredecim
1436 4696 1561 4747 civitates
1582 4695 1617 4746 de

868 4767 1000 4819 tribubus
1021 4766 1154 4826 Issachar,
1174 4766 1251 4826 Aser,
1269 4765 1423 4832 Nephthali
1442 4777 1470 4817 et
1490 4765 1616 4817 Manasse

1559 4889 1571 4924 2
