3494 5142
812 87 933 138 -25-

96 265 240 316 Chalcidis
259 263 295 314 ad
314 261 460 324 Libanum,
481 261 582 316 Abilae
600 275 629 316 11
646 264 784 325 Damasci,
797 266 847 330 qui

96 335 250 402 aliquando
269 334 324 386 fuit
342 346 426 400 eaput
443 334 563 386 Arabiae
576 351 625 387 seu
640 334 846 388 Nabataeorum

96 409 175 473 regni
196 406 241 474 (11.
264 407 279 456 2
299 405 355 457 Cor
375 407 417 466 ll,
436 405 490 474 32).

150 477 181 548 b)
200 478 347 529 Provincia
366 476 458 536 Asiae¹
470 477 521 545 (Ac
541 478 566 538 2,
585 479 623 546 9),
649 479 729 529 cuius
748 489 847 529 metro·

96 548 170 615 polis
189 549 244 600 fuit
262 547 397 614 Ephesus,
406 559 498 600 creata
517 561 567 608 est,
582 567 640 600 non
658 567 732 601 anno
753 550 802 600 133
822 568 846 601 a.

97 620 158 681 Ch.,
177 619 290 686 quando
308 619 420 671 Attalus
433 619 476 670 111
495 638 544 672 rex
561 620 688 686 Pergami
706 620 761 674 sibi
779 639 847 673 nun·

97 693 211 758 cnpavit
222 690 372 743 haeredem
390 690 526 757 populum
545 709 700 752 romanum,
710 692 759 744 ssd
773 710 847 744 anno

99 765 149 815 129
169 782 185 814 1
203 763 243 814 M.
261 761 378 828 Aquilio
398 761 516 830 (Strabo,
537 761 612 824 XIV,
625 781 652 829 p.
671 763 744 832 646).
763 762 848 830 Rege·

96 834 181 885 batur
199 853 249 901 per
266 836 358 884 virum
377 833 552 886 consularem
567 845 595 886 et
610 833 847 901 complectebatur

96 905 245 966 Troadem,
262 905 375 956 Misiam
392 905 530 970 usquead
549 905 700 972 Olympum
714 917 847 967 montem,

96 975 224 1042 Lydiam,
242 976 361 1036 Cariam,
379 986 408 1027 et
426 977 506 1029 annis
525 977 558 1028 82
578 995 593 1028 1
613 976 646 1027 62
664 977 743 1028 illam
762 979 847 1030 etiam

95 1059 206 1114 partem
233 1047 377 1113 Phrygiae,
401 1065 486 1112 quam
515 1059 653 1114 occupant
675 1047 786 1114 Cibyra,
812 1049 847 1100 A·

95 1137 196 1185 pamea
224 1130 252 1170 et
278 1117 415 1185 Synnada.
434 1116 468 1169 In
495 1121 639 1186 provincia
657 1119 740 1172 Asiae
768 1131 847 1172 erant

95 1190 164 1242 illae
183 1202 289 1257 septem
308 1188 449 1241 Ecclesiae
469 1189 504 1242 de
525 1191 629 1258 quibus
647 1208 737 1242 sermo
756 1193 846 1243 estin

95 1261 267 1328 Apocalypsi
296 1263 332 1330 (1,
359 1261 398 1328 4),
425 1279 528 1327 nempe
557 1261 692 1328 Ephesus,
720 1262 846 1328 Smyrna,

96 1333 258 1398 Pergamus,
284 1332 426 1398 Thyatira,
454 1331 562 1394 Sardes,
592 1332 789 1400 Philadelphia
818 1345 847 1386 et

97 1405 245 1456 Laodicea.

151 1474 181 1546 c)
196 1475 328 1541 Bithynia
350 1475 400 1544 (Ac
421 1476 463 1535 16,
482 1477 516 1538 7;
537 1477 550 1527 1
570 1476 644 1538 Ρ11,
665 1477 700 1543 1),
718 1495 847 1542 quaeex·

96 1546 266 1599 tendebatur
284 1565 300 1597 a
318 1545 452 1614 Ryndaeo
470 1546 586 1600 flumine
605 1566 694 1614 usque
721 1548 757 1600 ad
776 1549 847 1600 ostia

97 1617 223 1684 Sangarii
235 1629 347 1684 atquae
359 1618 431 1674 facta
444 1629 486 1672 est
496 1621 640 1685 provincia
651 1631 715 1685 post
728 1631 847 1673 mortem

96 1689 261 1742 Nicomedis
279 1689 323 1740 III
340 1693 421 1758 regis,
439 1709 513 1743 anno
531 1708 632 1757 nempe
651 1691 685 1742 14
704 1710 728 1743 1.
748 1690 799 1744 ch.
813 1721 846 1729 -

97 1760 183 1812 Anno
201 1771 295 1813 autem
308 1761 351 1822 65,
360 1776 425 1830 post
442 1761 614 1815 debellatum
626 1780 642 1813 a
660 1762 785 1829 Pompeo
797 1761 848 1813 Mi·

96 1831 230 1883 tridatem
247 1850 340 1898 regem
359 1835 451 1896 Ponti,
460 1845 541 1886 aucta
559 1845 602 1885 est
613 1833 703 1886 Ponto
722 1833 848 1886 occiden-

96 1902 158 1963 tali,
185 1904 298 1968 regione
322 1906 429 1958 scilicet
446 1906 593 1958 littoranea
615 1905 650 1956 ab
674 1904 788 1960 Eraclea
812 1904 847 1956 ad

98 1973 186 2039 Halys
204 1973 327 2036 flumem
338 1977 460 2044 ideoque
472 1977 615 2044 provincia
633 1994 737 2028 nomen
748 1976 849 2029 habuit

98 2045 273 2110 Bithyniaet
290 2046 407 2100 Pontus.

153 2115 185 2186 d)
205 2115 323 2178 Galatia,
341 2137 413 2185 quae
432 2131 524 2172 creata
542 2130 584 2170 est
601 2120 746 2184 provincia
763 2121 848 2186 impe·

99 2187 176 2239 rialis
194 2206 268 2240 anno
287 2190 320 2240 25
349 2209 373 2242 a.
393 2190 453 2251 Ch,
475 2208 549 2242 anno
570 2207 671 2256 nempe
699 2190 848 2243 emortuali

98 2261 171 2324 regis
190 2258 334 2325 Amyntas,
351 2263 383 2314 in
403 2273 459 2314 tres
473 2272 564 2329 partes
575 2261 752 2314 dividebatur
770 2263 847 2314 iuxta

98 2340 155 2382 tres
173 2329 293 2382 familias
306 2331 476 2394 Galatarum,
494 2349 566 2399 quae
584 2351 646 2384 eam
664 2333 848 2394 incoluerant,

99 2401 314 2468 Tectosagorum
328 2404 444 2465 scilicet,
457 2403 703 2468 Tolistobogorum
721 2416 750 2456 et
767 2403 848 2456 Troc-

99 2490 218 2534 morum,
236 2492 357 2539 quorum
369 2475 453 2528 urbes
463 2475 595 2542 capitales
606 2475 721 2527 fuerrmt
729 2476 848 2541 Ancyra,

98 2544 217 2596 Tarium
235 2557 264 2597 et
282 2545 420 2598 Pessinus.
440 2546 484 2597 Ad
498 2545 636 2598 Galatiam
655 2559 849 2613 spectaverunt

99 2616 193 2676 etiam,
212 2616 310 2667 saltem
328 2618 411 2670 initio
430 2635 496 2669 suae
515 2619 722 2670 constitutionis
740 2621 770 2670 in
788 2637 849 2686 pro·

98 2687 230 2746 vinciam,
248 2687 445 2754 Paphlagonia,
474 2688 588 2750 Pisidia,
615 2689 733 2756 Phrygia
761 2692 849 2742 orien-

98 2757 172 2817 talis,
191 2755 328 2823 Lycaonia
343 2772 372 2812 11
390 2760 505 2812 Isauria.

154 2827 372 2899 e)Cappadocia,
382 2833 462 2883 cuius
470 2842 553 2898 caput
563 2831 617 2883 fuit
627 2830 747 2892 Mazaca,
752 2843 848 2898 postea

99 2898 174 2951 dicta
193 2899 325 2953 Caesarea
344 2901 380 2953 ad
398 2914 494 2954 monte
515 2902 652 2968 Angeum,
670 2914 699 2955 et
715 2921 787 2969 quae
806 2921 849 2955 ex·

98 2970 266 3023 tendebatur
278 2991 294 3024 a
312 2971 419 3025 finibus
438 2973 564 3026 Galatiae
577 2973 613 3025 ad
632 2973 813 3040 Euphratem,
831 2993 847 3026 a

98 3041 190 3093 Ponto
209 3054 237 3094 et
248 3043 381 3097 Armenia
394 3046 501 3096 minore
515 3044 550 3096 ad
563 3045 703 3096 Amanum
722 3057 847 3098 montem

99 3124 127 3164 11
145 3112 370 3180 Commagenem,
389 3117 540 3168 constituta
558 3118 649 3168 estin
673 3119 847 3183 provinciam

99 3202 174 3235 anno
195 3185 226 3235 11
246 3204 273 3250 p.
292 3186 474 3248 Ch.‚mortu0
487 3187 626 3241 Archelao
637 3206 701 3254 rege
716 3189 847 3256 (Tacitus,

99 3255 207 3306 Annal.
226 3255 264 3316 ΙΙ,
283 3257 337 3324 42).

148 3326 180 3396 s)
205 3326 305 3380 Cilicia
325 3328 502 3382 dividebatur
519 3349 570 3397 per
588 3329 705 3381 Lamum
730 3329 847 3385 fluvium

99 3399 130 3447 in
149 3397 277 3450 Ciliciam
289 3398 423 3467 Asperam
437 3419 486 3453 seu
498 3401 667 3454 Trachaeam
677 3413 706 3454 et
718 3401 847 3453 Ciliciam

99 3468 216 3521 Planam
234 3488 284 3522 seu
303 3470 501 3538 Campestrem.
524 3471 702 3539 Campestris,
728 3491 800 3538 quae
819 3484 848 3524 et

99 3540 245 3593 orientalis
263 3553 330 3594 erat·
341 3554 370 3595 et
386 3543 544 3596 alluebatur
563 3543 669 3609 Cydno,
682 3544 800 3609 Pyramo
819 3555 847 3595 11

99 3611 166 3664 Saro
181 3611 354 3674 fluminibus,
372 3613 555 3667 claudebatur
573 3615 664 3668 Tauro
683 3627 712 3668 et
729 3615 847 3674 Amano,

99 3682 172 3734 ultra
199 3702 270 3750 quos
297 3697 407 3738 montes
435 3705 486 3753 per
512 3698 606 3753 portas
632 3685 744 3739 Cilicias
771 3686 847 3738 haud

98 3754 182 3819 longe
207 3774 224 3806 a
250 3755 354 3821 Tyana,
381 3769 410 3809 et
436 3776 487 3824 per
512 3769 605 3824 portas
632 3758 784 3810 Amanidas
811 3758 847 3809 ad

98 3843 230 3890 campum
260 3825 378 3879 Issicum
408 3828 593 3880 accedebatur
623 3828 690 3880 hino
723 3828 759 3880 ad
796 3829 846 3894 Ly·

99 3897 227 3948 caoniam
245 3897 311 3949 inde
333 3898 369 3950 ad
392 3899 507 3965 Syriam.
536 3899 613 3952 Haeo
641 3900 756 3953 Ciliciae
783 3919 846 3965 pars

99 3968 251 4019 constituta
260 3970 342 4020 estin
352 3988 496 4023 romanam
507 3972 680 4038 provinciam
693 3990 766 4023 auno
778 3973 810 4023 81
821 3990 845 4023 a.

99 4037 151 4090 Ch.
170 4038 253 4104 eique
272 4038 366 4092 addita
379 4053 421 4094 est
435 4041 542 4108 Cyprus
555 4042 655 4104 insula,
668 4061 740 4108 quae
752 4054 847 4094 tamen

98 4127 173 4160 anno
192 4109 226 4161 22
246 4109 360 4163 Senatui
381 4124 423 4164 est
450 4113 552 4165 tradita
577 4113 732 4180 habuitque
751 4114 846 4179 guber·

99 4192 225 4233 natorem
243 4183 440 4248 proconsulem
460 4185 506 4254 (cf.
519 4185 561 4236 Ac
577 4186 619 4246 13,
638 4186 675 4252 7).
688 4184 787 4238 Cilicia
800 4185 846 4237 ha·

98 4251 161 4303 buit
179 4271 227 4304 sex
245 4252 329 4306 urbes
347 4253 450 4308 liberas
469 4256 514 4308 vel
533 4267 705 4317 autonomas‚
729 4257 846 4308 Tarsum

98 4323 135 4376 ad
157 4323 294 4389 Cydnum,
321 4323 523 4391 Mopsuestiam
551 4339 579 4380 et
604 4326 781 4378 Anazarbum
810 4327 846 4378 ad

99 4393 257 4458 Pyramum,
270 4395 398 4458 Mallum,
426 4396 564 4464 Corycum
582 4417 640 4450 non
652 4398 733 4464 longe
752 4417 768 4450 a
787 4398 845 4450 fau·

37 4477 49 4502 ³
98 4465 179 4517 cibus
198 4465 358 4532 Calycadni,
377 4467 532 4521 Seleuciam
551 4482 635 4535 caput
653 4469 845 4522 Tracheotidis

98 4549 127 4589 et
154 4535 284 4602 Aegeum.
312 4538 398 4606 Cypri
424 4539 508 4592 urbes
536 4543 702 4607 praecipuae
730 4541 845 4593 suerunt

98 4608 216 4661 Salamis
234 4619 263 4659 et
282 4609 393 4676 Paphos
412 4629 484 4677 quae
503 4610 678 4664 domicilium
706 4624 765 4664 erat
785 4631 845 4678 pro-

98 4678 222 4732 consulis
243 4679 293 4746 (Ac
314 4682 356 4742 13,
375 4683 412 4750 t).

954 263 987 334 g)
1006 265 1097 332 Lycia,
1116 283 1187 330 quae
1206 275 1300 316 tamen
1324 283 1381 316 una
1399 283 1463 318 cum
1481 264 1646 331 Pamphylia

902 348 994 390 creata
1012 348 1054 388 est
1072 337 1215 403 provincia
1233 354 1348 388 romana
1360 337 1471 388 nonnisi
1492 354 1507 389 a
1526 336 1645 388 Claudio

902 405 982 474 Imp,
1000 425 1074 459 anno
1093 409 1127 459 43
1146 426 1173 474 p.
1191 407 1242 459 Ch.
1263 407 1309 476 (cf.
1328 407 1484 468 Suetonius,
1499 407 1646 468 Claudius,

901 477 1000 546 XXV).
1018 477 1109 531 Urbes
1127 479 1229 539 Liciae,
1253 497 1373 545 quarum
1403 481 1537 532 memoria
1556 481 1661 532 estin·

901 551 986 602 sacris
1004 549 1093 611 libris,
1110 561 1176 602 sunt
1193 549 1272 615 Myra
1293 550 1344 618 (Ae
1363 551 1407 610 27,
1428 550 1464 617 5),
1477 550 1575 602 Patara
1595 551 1647 618 (Ac

902 622 1017 689 21,1-3)
1037 632 1066 673 11
1083 621 1208 674 Phaselis
1228 622 1253 689 (1
1273 621 1321 673 Μ1
1341 621 1383 682 15,
1402 622 1457 688 23).

936 693 1042 744 Pontus
1060 705 1163 753 autem,
1181 694 1239 758 qui,
1257 704 1321 759 post
1339 691 1511 744 debellatum
1525 693 1645 744 11111165

901 781 926 815 1.
945 763 996 816 Ch.
1016 756 1066 830 'per
1085 763 1138 816 Gn.
1163 764 1318 830 Pompeum
1345 763 1518 816 Mitridatem
1546 781 1647 830 regem,

902 835 1057 887 diminutus
1075 835 1166 888 bremt
1183 836 1296 900 regione
1318 835 1486 887 occidentali
1498 835 1647 900 Bithyniae

901 906 1052 972 adsignata,
1069 907 1182 972 regione
1200 908 1290 972 posita
1308 907 1381 958 inter
1403 905 1506 974 Halym
1524 918 1552 958 et
1571 906 1647 967 Irim,

901 995 973 1044 quae
992 977 1056 1029 data
1075 989 1117 1029 est
1130 979 1189 1042 regi
1204 976 1338 1039 Galatiae,
1351 989 1380 1030 et
1391 979 1503 1043 regione
1516 977 1646 1030 orientali

901 1067 973 1115 quae
991 1051 1101 1100 transiit
1119 1050 1149 1100 in
1168 1059 1333 1115 potestatem
1351 1048 1483 1100 Archelai
1495 1050 1566 1114 regia
1579 1047 1646 1116 Cap·

900 1120 1044 1187 padociae,
1064 1121 1232 1188 constitutus
1259 1131 1301 1172 est
1330 1121 1361 1172 in
1387 1138 1493 1172 novum
1520 1137 1646 1185 regnum,

901 1191 977 1258 quod
996 1209 1031 1244 ex
1048 1193 1162 1243 nomine
1180 1192 1252 1256 regis
1270 1191 1430 1244 Polemonis
1451 1191 1557 1243 Pontus
1569 1191 1648 1243 Pole-

900 1263 1073 1314 lemoniacus
1095 1261 1266 1329 appellatum
1284 1274 1326 1314 est
1344 1273 1372 1314 et
1389 1264 1542 1329 permansit
1559 1279 1647 1328 usque

901 1333 936 1385 ad
955 1335 988 1386 63
1008 1353 1035 1400 p.
1055 1332 1115 1395 Ch,
1133 1352 1190 1400 quo
1217 1352 1291 1385 anno
1308 1334 1414 1386 factum
1432 1345 1474 1386 est
1502 1335 1647 1400 provincia

900 1423 1024 1457 romana.

936 1477 1069 1528 Armenia
1088 1475 1182 1527 Minor
1200 1487 1293 1528 autem
1305 1474 1407 1527 tradita
1420 1487 1462 1528 est
1473 1475 1508 1527 ab
1521 1475 1647 1542 Augusto

901 1565 987 1614 regno
1006 1547 1198 1614 Cappadociae
1215 1549 1331 1613 eiusque
1349 1557 1452 1598 sortem
1471 1559 1564 1598 secuta
1583 1558 1633 1598 est.

936 1620 1069 1671 Armenia
1096 1630 1190 1671 autem
1217 1618 1308 1670 Maior
1335 1617 1454 1670 1111111111
1484 1619 1562 1684 regni
1588 1637 1647 1670 non

901 1691 995 1742 amisit
1012 1691 1067 1742 uisi
1085 1689 1203 1742 Traiano
1222 1691 1385 1756 imperante,
1403 1709 1419 1742 a
1438 1708 1495 1756 quo
1519 1692 1573 1758 (an.
1595 1691 1646 1741 114

901 1780 928 1828 p.
945 1762 1007 1829 Ch.)
1029 1763 1179 1813 constituta
1198 1763 1287 1813 estin
1305 1763 1477 1827 provinciam
1495 1779 1647 1816 romanam.

974 1869 1006 1920 B·
1025 1867 1060 1921 Ill
1077 1867 1180 1922 Africa·

956 1940 988 2012 a)
1005 1940 1147 2006 Aegyptus
1168 1939 1319 1992 constituta
1331 1951 1374 1991 est
1385 1951 1449 2005 post
1460 1949 1579 1990 mortem
1591 1938 1646 1990 An·

901 2013 974 2064 tonii
992 2023 1021 2064 et
1038 2011 1202 2077 Cleopatrae
1223 2012 1277 2077 (an.
1296 2011 1330 2061 30
1349 2028 1373 2062 a.
1393 2009 1454 2078 Ch.)
1484 2011 1516 2061 in
1536 2011 1645 2076 provin·

902 2085 974 2135 ciam
992 2101 1144 2143 romanam,
1162 2099 1280 2148 eamque
1299 2081 1453 2148 Imperator
1478 2081 1532 2132 sibi
1559 2080 1646 2133 vindi-

903 2155 976 2207 cavit
984 2155 1014 2205 in
1024 2155 1178 2220 proprium,
1188 2165 1216 2204 et
1228 2171 1278 2218 per
1286 2152 1458 2218 praefectum
1465 2151 1646 2217 Augustalem

902 2221 991 2291 us'que
1009 2224 1044 2277 ad
1063 2225 1233 2277 Diocletiani
1251 2235 1361 2290 tempus
1379 2222 1551 2289 gubernavit.

956 2296 987 2368 b)
1004 2296 1155 2362 Cyrenaica
1172 2296 1217 2348 vel
1236 2295 1396 2361 Pentapolis
1408 2294 1511 2360 Lybiae
1523 2297 1563 2346 sic
1576 2313 1646 2348 nun·

903 2380 1002 2434 cupata
1021 2386 1055 2419 ex
1073 2369 1198 2433 quinque
1226 2366 1395 2427 civitatibus,
1421 2366 1528 2431 Cyrene
1550 2367 1575 2433 (l
1600 2366 1647 2417 Mc

904 2440 946 2500 15,
965 2440 998 2490 23
1018 2440 1091 2505 111),
1110 2439 1206 2500 Β1111,
1225 2437 1387 2499 Teucheira,
1415 2437 1569 2504 Hesperide
1598 2455 1647 2490 seu

902 2511 1036 2562 Berenice
1048 2521 1077 2562 et
1087 2509 1248 2576 Apollonia,
1260 2509 1333 2561 facta
1346 2521 1389 2561 est
1400 2510 1543 2575 provincia
1555 2525 1600 2560 an.
1614 2510 1647 2560 75

901 2601 926 2634 a.
938 2582 988 2634 Ch.
999 2583 1109 2633 circiter
1117 2580 1273 2647 habuitque
1282 2599 1393 2640 nomen,
1406 2590 1562 2646 postquam,
1575 2581 1647 2632 circa

902 2671 1007 2705 annum
1027 2653 1070 2714 67,
1097 2652 1191 2704 addita
1210 2664 1252 2704 est
1279 2653 1306 2704 ei
1330 2651 1421 2703 insula
1449 2650 1539 2712 Creta,
1565 2650 1646 2703 Creta

903 2737 931 2776 et
951 2724 1067 2789 Cyrene.

955 2795 983 2866 c)
1001 2795 1096 2846 Africa
1115 2796 1267 2861 provincia,
1285 2795 1413 2846 instituta
1436 2811 1460 2845 1.
1483 2793 1533 2844 146
1551 2811 1576 2844 a.
1596 2792 1647 2845 Ch.

903 2866 1140 2933 complectebatur
1157 2867 1338 2926 territorium,
1357 2873 1373 2896 ‘⁴
1392 2864 1495 2932 oppida
1523 2875 1551 2916 et
1578 2863 1648 2916 fines

903 2937 1162 3004 Carthaginensium
1182 2945 1198 2968 ³⁸
1219 2936 1385 3000 (Sallustius,
1402 2937 1465 3002 lug.
1478 2938 1531 3005 19),
1549 2935 1647 3002 Zeugi-

902 3020 996 3076 tanam
1015 3009 1122 3061 scilicet
1139 3019 1168 3060 et
1186 3008 1335 3074 Byzacium
1354 3025 1404 3060 seu
1425 3010 1567 3074 regionem
1583 3006 1647 3058 lito·

902 3098 1023 3141 raneam,
1043 3098 1114 3146 quae
1132 3099 1149 3130 a
1167 3079 1289 3131 Tabraca
1308 3079 1353 3132 vel
1377 3097 1393 3130 1
1420 3079 1536 3131 flumine
1560 3078 1647 3130 Tosca

902 3151 1062 3204 extenditur
1080 3169 1169 3217 usque
1181 3151 1326 3212 Thaenas;
1344 3169 1418 3202 anno
1430 3163 1524 3202 autem
1537 3145 1571 3201 46
1584 3161 1648 3216 post

902 3223 1041 3289 Tapsense
1076 3223 1216 3289 proelium
1246 3223 1330 3274 etiam
1358 3221 1491 3274 Numidia
1527 3221 1647 3273 formam

902 3295 1062 3360 provinciae
1081 3295 1202 3360 suscepit
1216 3305 1244 3346 et
1256 3293 1394 3360 appellata
1407 3304 1449 3346 est
1460 3292 1555 3345 Africa
1567 3291 1647 3344 Nova

904 3364 1032 3432 (Plinius,
1041 3366 1074 3426 V,
1093 3367 1119 3426 4,
1138 3366 1174 3434 3).
1188 3364 1356 3416 Mauritania
1369 3381 1434 3415 vero
1447 3365 1560 3433 nonnisi
1572 3381 1646 3415 anno

902 3437 935 3486 42
955 3455 982 3503 p.
1000 3437 1051 3489 Ch.
1069 3438 1220 3488 constituta
1239 3447 1282 3487 est
1302 3437 1332 3486 in
1360 3436 1532 3501 provinciam
1559 3452 1647 3486 roma·

902 3525 976 3568 nam,
994 3509 1052 3560 imo
1070 3507 1188 3559 induas
1206 3508 1373 3574 provincias,
1391 3524 1491 3572 nempe
1516 3505 1646 3557 Maurita-

902 3580 979 3631 niam
991 3579 1197 3631 Caesariensem
1210 3591 1238 3630 et
1252 3577 1449 3629 Mauritaniam
1462 3577 1646 3643 Tingitanam.

903 3649 1011 3702 Harum
1041 3662 1125 3717 caput
1154 3650 1268 3702 fuerunt
1306 3649 1455 3701 Caesaraea
1486 3660 1514 3700 et
1543 3648 1646 3714 Tingis,

902 3721 1052 3774 Numidiae
1070 3740 1137 3773 vero
1157 3720 1242 3782 Cirta,
1260 3720 1371 3772 Africae
1381 3732 1475 3772 autem
1489 3719 1580 3772 Utica.
1620 3769 1624 3778 ,

974 3828 1004 3881 C.
1023 3828 1057 3879 In
1076 3827 1186 3894 Europa
1205 3839 1298 3879 antem
1317 3826 1447 3878 orientali

937 3910 1046 3967 praeter
1068 3898 1200 3960 Siciliam,
1218 3917 1290 3965 quae
1311 3897 1366 3949 fuit
1394 3906 1410 3928 ‘⁴
1429 3898 1518 3964 prima
1537 3898 1646 3964 provin·

902 3973 944 4022 eia
964 3979 979 4001 ³³
999 3971 1149 4022 constituta
1168 3988 1241 4022 anno
1255 3971 1305 4020 241
1326 3987 1350 4020 a.
1369 3968 1429 4030 Ch,
1443 3980 1471 4020 et
1489 3968 1645 4020 Sardiniam

901 4054 929 4094 et
949 4041 1098 4102 Corsicam,
1116 4059 1187 4108 quae
1206 4041 1290 4108 paulo
1308 4052 1372 4106 post
1392 4043 1425 4108 (a.
1445 4041 1508 4107 238)
1534 4051 1645 4106 ereptae

901 4133 916 4164 a
936 4113 1206 4179 Carthaginiensium
1235 4112 1360 4164 dominio
1378 4111 1579 4178 provincialem
1598 4129 1645 4178 gu·

900 4185 1094 4237 bernationem
1112 4194 1303 4250 susceperunt,
1315 4184 1388 4234 inter
1401 4184 1573 4250 antiquiores
1585 4200 1647 4250 pro-

900 4257 1005 4307 vincias
1023 4255 1150 4322 Europae
1169 4255 1347 4306 recoluntur:

953 4327 985 4397 a)
998 4326 1171 4387 Macedonia,
1181 4345 1252 4392 quae
1267 4336 1357 4378 creata
1367 4337 1409 4376 est
1417 4325 1561 4391 provincia
1571 4342 1645 4376 anno

902 4401 952 4450 148
973 4417 997 4450 a.
1017 4398 1068 4450 Ch.
1087 4410 1115 4449 et
1125 4397 1209 4449 latius
1227 4399 1318 4464 patuit
1336 4414 1545 4462 quamregnum
1556 4413 1645 4447 mace·

900 4470 1041 4521 donicum.
1060 4469 1269 4521 Extendebatur
1287 4469 1362 4518 enim
1382 4485 1398 4518 a
1416 4466 1502 4518 Nesto
1529 4466 1644 4518 flumine

899 4541 944 4592 vel
962 4559 978 4592 a
997 4540 1134 4606 Rhodope
1146 4552 1242 4591 monte
1253 4538 1390 4604 usquead
1405 4537 1555 4589 Adriacum
1569 4555 1645 4589 mare

900 4624 928 4663 11
946 4631 961 4662 1
981 4611 1061 4662 Drilo
1080 4612 1195 4662 flumine
1214 4624 1243 4663 et
1261 4608 1362 4661 Scardo
1381 4620 1476 4660 monte
1501 4626 1590 4674 usque
1609 4608 1644 4659 ad

900 4701 975 4734 mare
994 4682 1160 4734 Thracicum
1179 4693 1263 4747 atque
1282 4680 1500 4732 intersecabatur
1519 4698 1550 4730 ac
1576 4698 1644 4746 quo·
